2806 4826
268 362 325 502 ’40

271 625 442 710 legendum
465 623 640 706 innocue
660 625 827 716 γὰρ-ρ.
840 627 911 705 367,
933 627 975 692 33
987 624 1028 692 roi
1049 621 1087 694 di
1108 615 1320 714 6060006006

271 721 434 804 uenerunt,
463 730 524 814 leg.
555 723 601 808 ὥς
627 730 712 817 πρὸς
738 729 777 796 06
807 753 862 796 πε.
885 753 916 816 p.
939 735 1013 812 316,
1036 733 1077 796 15
1098 722 1249 793 060300ον
1269 725 1322 812 rein

142 856 161 883 ο
270 831 335 894 τῶν
355 833 454 916 γενῶν
475 825 659 914 ἀνεδέξατο,
681 833 745 915 leg.
766 853 797 897 o.
820 834 884 896 τῶν
903 833 1018 917 μερῶν.
1042 853 1075 913 p.
1096 833 1170 909 334,
1190 833 1232 896 36
1253 835 1320 913 post

118 968 128 982 ι
269 925 367 1016 λόγου
397 935 512 1017 deest,
544 956 609 1019 quo
637 936 831 1019 saepissime
857 955 1027 1005 vexamur,
1049 935 1192 1016 negatio.
1235 932 1318 996 Tota

105 1100 110 1112 N
155 1052 157 1058 ·
269 1035 455 1120 disputatio
485 1061 515 1122 p.
545 1041 618 1118 333,
641 1037 683 1104 35
703 1057 775 1122 sqq.
799 1057 863 1099 non
887 1036 1085 1119 intelligitur
1107 1035 1171 1097 nisi
1194 1034 1317 1098 scriba·

118 1159 125 1166 ·
268 1149 323 1206 tur
354 1131 446 1206 oixor
472 1137 525 1216 de',
555 1128 741 1222 ν0660000000
768 1136 820 1214 di,
842 1129 941 1224 ἀγρὸν
963 1134 1008 1202 66.
1054 1136 1154 1214 Quod
1176 1133 1319 1218 quamvis

273 1244 370 1308 nobis
391 1246 508 1308 mirum
532 1241 676 1322 accidat,
699 1247 808 1305 tamen
831 1243 880 1304 ric
902 1227 1109 1324 scripserunt
1130 1237 1195 1302 itti.

758 1393 786 1468 4·
807 1394 837 1462 3.

476 1519 606 1606 Οἶνον
633 1521 736 1606 66,
716 1524 841 1616 oypdu
862 1523 921 1603 66,
943 1525 1112 1593 similia.

349 1681 511 1767 Disputat
532 1681 575 1746 de
596 1679 650 1747 his
666 1680 864 1804 Apollonius
886 1678 928 1770 de
949 1677 1022 1744 adv.
1026 1699 1077 1774 p.
1098 1679 1173 1754 593,
1196 1676 1239 1744 17
1248 1696 1314 1762 sqq.
1382 1759 1384 1766 χ

264 1783 422 1871 Exponit
441 1779 498 1850 660
525 1781 608 1872 μέρη
635 1777 734 1869 λόγου
762 1771 860 1862 εἶναι,
887 1763 1075 1865 etquidem
1096 1781 1316 1846 accusativum

263 1887 544 1952 substantivorum
561 1908 645 1970 cunt
675 1887 913 1950 coniunctione
939 1879 978 1949 66
1004 1886 1084 1958 (nou
1105 1903 1179 1947 cum
1202 1901 1244 1946 ea
1263 1899 1315 1972 pa·

261 2008 406 2073 ragoge‚
435 1997 519 2074 quae*
540 1994 640 2056 este.
662 2009 694 2072 g.
716 1989 753 2052 in
775 1978 914 2073 diypodc,
937 1978 1062 2067 060060,
1085 2005 1147 2049 nec
1167 2005 1242 2048 cum
1263 2003 1315 2068 pa·

259 2109 383 2174 ragogc
392 2087 591 2176 di,quaeeet
601 2091 637 2154 in
647 2082 823 2175 splendetis,
835 2079 1011 2172 εημός6004
1023 2083 1313 2170 quibusdamnliis.

222 2198 225 2206 “
260 2189 316 2254 cf.
349 2193 428 2273 616,
465 2194 516 2258 19.
549 2194 631 2272 617,
664 2193 717 2255 34.
750 2190 829 2264 539,
862 2191 914 2254 14.
946 2189 1005 2254 591
1020 2193 1062 2266 *).
1126 2189 1223 2254 Haec
1254 2185 1314 2248 duo

151 2347 156 2358 .
259 2293 462 2357 coniunctim
510 2293 621 2378 posita
663 2293 732 2355 vim
783 2297 818 2355 et
859 2291 1139 2358 constructionem
1183 2287 1312 2374 quidem
1383 2301 1384 2304 ’

258 2393 494 2460 adverbiorum
515 2393 652 2474 habere,
674 2412 736 2458 nec
758 2396 866 2468 tamen
889 2391 1028 2456 formam
1051 2392 1225 2457 vocabulis
1246 2407 1314 2455 esse

257 2495 492 2561 adverbialem.
542 2487 820 2559 Coniunctioncru
847 2490 885 2560 66
915 2495 950 2557 in
980 2494 1034 2559 his
1054 2495 1124 2559 vim
1148 2491 1314 2578 praeposi-

256 2597 360 2662 tionis
381 2598 565 2688 accepisse,
587 2604 625 2660 ut
647 2601 766 2661 contra
786 2596 962 2661 nonnullae
977 2597 1239 2679 praepositiones
1250 2593 1313 2657 vim

141 2731 146 2744 ·
205 2677 215 2710 ⁵
255 2697 414 2777 adverbii¹
428 2700 568 2764 induant
586 2699 762 2778 (59‹l„l³).
805 2694 856 2763 Δέ
876 2703 1078 2782 assumptum
1100 2717 1174 2762 esse
1195 2694 1312 2780 partim

248 2818 300 2862 ,ex
320 2798 509 2864 imitatione
530 2801 671 2886 quadam
693 2798 927 2864 adverbiorum
950 2792 1063 2864 060060
1096 2797 1220 2885 apporia
1259 2797 1271 2850 4
1292 2791 1308 2857 4

129 2946 132 2957 ‚
254 2901 327 2974 616,
349 2901 415 2978 36),
437 2903 559 2985 partim
581 2900 671 2986 quod
692 2899 790 2965 buius
812 2899 951 2972 voculae
972 2920 1142 2990 proprium
1160 2908 1301 2984 sitsrgnr

253 2998 358 3065 ficare
379 2995 580 3086 ,μετάβασιν
587 3003 646 3067 τοῦ
657 2995 871 3090 πράγματοςα
882 3004 941 3081 *.*).
975 3000 1075 3094 Quod
1090 3000 1134 3070 ad
1147 3007 1314 3066 accentum

134 3088 146 3107 ”
254 3104 389 3178 attinet,
421 3111 493 3168 tota
517 3098 708 3188 disputatio
740 3105 776 3169 id
807 3103 921 3184 docet,
945 3104 1035 3187 quod
1062 3087 1146 3168 dixi.
1189 3100 1313 3166 Perse

1099 2788 1119 2816 2l

1063 2845 1072 2875 t
1227 2843 1237 2874 t
1262 2817 1314 2876 tc·

1077 2899 1084 2916 Ι
1180 2900 1186 2915 Ι
1237 2900 1244 2916 Ι
1291 2897 1298 2912 0

1302 2935 1314 2953 ⁸

1295 3778 1304 3806 'r

1388 4391 1389 4424 l

1388 4521 1389 4560 l

1388 4587 1389 4608 t

1388 4645 1389 4680 l

1388 4713 1389 4736 t

253 3204 464 3289 perspicuum
487 3203 569 3270 boc.
591 3199 717 3272 ἴδιόν’
701 3229 769 3273 euru
789 3229 848 3271 000
832 3203 907 3272 ‘de‘
929 3199 1144 3288 συνδέσμου
1129 3199 1263 3288 00060000
1283 3198 1314 3278 ἒς

251 3295 352 3370 nictit
371 3297 558 3392 τὴνόξεῖαν.
570 3311 639 3388 ***)
660 3310 810 3373 τοιοῦτον
831 3305 868 3373 66
888 3330 942 3372 και
951 3330 986 3371 co
999 3297 1089 3394 οἶκον
1101 3303 1138 3373 60
1148 3308 1214 3380 (suc
1229 3305 1311 3382 cod„

248 3403 456 3474 Bekkcrus
447 3409 573 3475 iniuria
593 3400 790 3488 οἶκόνδε),
766 3432 828 3492 ως
832 3402 862 3474 ei
882 3405 938 3474 καὶ
957 3405 995 3474 cd
1012 3407 1101 3494 Ζεὺς
1122 3406 1159 3474 δέ
1178 3409 1227 3506 (p.
1241 3409 1312 3490 594,

247 3507 293 3586 3).
336 3509 391 3577 De
414 3504 613 3580 6406064014
633 3511 812 3599 dubium,
801 3517 913 3580 utrum
935 3530 1103 3598 paragoge
1123 3499 1251 3582 facturn
1271 3506 1313 3574 sit

329 3780 362 3844 *)
374 3783 501 3839 Nondum
518 3783 656 3858 superori
667 3781 856 3839 difficultatem
875 3801 945 3853 quae
961 3790 1003 3842 est
1019 3797 1099 3852 pron.
1116 3799 1144 3855 p
1161 3783 1203 3840 84
1221 3780 1279 3838 Δ
1301 3777 1313 3810 ¹

319 3881 404 3950 ”lin
422 3887 482 3946 594
500 3889 541 3944 33
550 3901 604 3954 pro
621 3881 637 3940 6
654 3882 799 3947 060004.
785 3882 910 3947 0060000.

312 3985 366 4046 ll‘l
382 3985 426 4039 (44
438 3987 509 4042 coni
520 4003 547 4056 υ
557 3982 685 4054 563,16
695 3981 990 4061 ru'pduurtyaelrror'
969 3987 1007 4045 ui
1024 3981 1120 4106 4006000
1137 3977 1221 4040 in’'
1190 3979 1320 4054 aestuo

189 4077 192 4083 '
245 4065 321 4135 06061
341 4066 389 4138 vir
406 4067 508 4142 ὀξεῖαν,
526 4069 596 4134 Ζεὺς
611 4067 724 4145 γάρ.
886 4097 889 4106 1
