2774 4824
238 370 312 450 11⁰

239 523 316 636 nrnn
344 569 447 638 etiam
474 571 578 640 verbo
607 573 792 638 antecedat.
844 569 942 636 Ordo
963 571 1132 638 naturalis
1154 577 1205 638 est
1225 594 1254 639 s.
1278 596 1307 658 g.

235 671 321 740 icaro
342 675 404 740 οοδ
424 667 586 762 ἓλδλγοαι
607 675 638 741 si
665 669 811 762 ἐλάλησα
830 670 915 742 κατὰ
936 674 998 742 nori
1018 673 1164 759 dicitnr,
1186 677 1307 742 dicturo

236 783 372 864 est-per
392 776 610 862 hyperbaton.

225 955 228 959 ·
320 929 430 998 Notat
457 927 594 996 Charax
620 943 653 1017 p.
676 917 842 1011 nsaht
875 927 1073 1020 disorepans
1107 934 1150 996 ab
1173 929 1236 1015 hac
1257 953 1307 998 re·

236 1034 320 1119 guia,
336 1038 487 1098 notatum
509 1053 583 1100 esse
605 1030 700 1121 παρὰ
721 1027 908 1120 Μενάνδρῳ
928 1029 968 1098 εδ
990 1027 1077 1120 πρός
1097 1056 1140 1118 με
1162 1028 1308 1118 ἐγκλιδέν

236 1135 299 1213 (fr.
342 1129 526 1215 CDXXI).
587 1135 655 1202 Sed
686 1157 762 1201 cnm
791 1129 878 1224 πρός
899 1159 951 1219 ,με
983 1138 1071 1220 ερον]
1106 1139 1308 1222 antiquiores

232 1241 340 1306 etiam
370 1239 578 1322 inveniat-nr,
609 1245 643 1305 et
673 1239 763 1324 apud
790 1240 898 1323 ipsum
922 1237 1140 1328 Sophoclem,
1162 1241 1243 1303 item
1264 1233 1308 1316 εἴς

235 1363 278 1423 με
299 1347 334 1408 et
356 1327 519 1428 quaedam
541 1341 611 1408 alia
620 1345 653 1422 ¹⁸)
674 1341 764 1426 apud
785 1349 901 1426 poetas
922 1342 1079 1428 antiquos
1096 1348 1139 1408 et
1162 1340 1307 1408 celebra·

237 1459 309 1529 ros,
334 1446 473 1512 videtur
501 1443 641 1511 Charax
667 1445 758 1530 qnod
787 1465 851 1530 pro
879 1444 1033 1530 exemplo
1055 1435 1217 1510 similium
1239 1449 1307 1511 erat

236 1553 395 1633 tanquam
418 1548 607 1632 exemplum
630 1553 762 1614 unicum
786 1549 950 1632 posuisse.
974 1581 1013 1598 ·-

319 1682 395 1751 Nos
423 1683 558 1768 quidem
586 1683 774 1770 putabimus
796 1703 840 1749 ex
861 1679 926 1746 hac
949 1682 1066 1768 regula
1088 1679 1217 1748 factum
1240 1702 1307 1749 esse

236 1778 328 1872 qnod
355 1783 449 1852 ἕνεκα
476 1787 543 1851 sihi
570 1787 765 1851 adiunctum
792 1784 893 1850 habet
913 1804 1097 1869 pronomen
1118 1784 1307 1850 orthotonu·

233 1877 534 1972 menonhpollon.
556 1895 649 1974 synt.
671 1909 704 1973 p.
739 1889 818 1970 125,
847 1889 890 1953 Ὦ
918 1881 1080 1954 ἀνάπαλιν
1100 1877 1159 1954 οὗν
1180 1880 1199 1953 ὁ
1223 1885 1308 1954 ἕνεκα

223 1983 418 2074 Ισύνδεσμος
455 1984 638 2084 φερόμενος
659 1983 801 2056 πάντοσε
823 1987 878 2056 ἐπὶ
899 1985 1025 2078 γενικὴν
1045 1984 1148 2073 μόνον
1171 1981 1307 2076 riphaeo·
1374 2059 1375 2064 γ

235 2095 286 2158 νεῖ
304 2089 363 2180 τὴν
390 2086 610 2174 ἆνεωνυμίαν,
632 2083 730 2178 ἡνίκα
752 2088 811 2168 σᾶς
831 2081 956 2156 τούτων
976 2087 1112 2180 γεννκδςἸ
1125 2091 1244 2167 σονδεῖκ
1264 2085 1305 2156 s‘r'·

236 2187 299 2260 νεκ’
332 2191 421 2276 ἐμεῖο
454 2183 567 2269 κυνός·
595 2186 656 2269 τίς
681 2189 758 2280 γὰρ
781 2185 827 2257 δν
846 2186 1099 2282 δαῤῥὴοειεν
1116 2185 1306 2281 Ἑλλήνων

153 2300 156 2311 ’
237 2290 394 2381 ἐγκλίνειν
421 2291 460 2360 εδ
489 2285 584 2359 ἕνεκά
604 2297 680 2376 μου.
701 2293 760 2360 Jo.
784 2291 885 2359 char.
908 2301 951 2380 p,'
964 2297 1047 2361 1154
1069 2290 1125 2361 καὶ
1145 2293 1232 2379 μετὰ
1251 2293 1306 2360 τοῦ

237 2395 333 2466 ἕνεκα
354 2391 411 2464 καὶ
436 2389 554 2462 οῧνεκο
583 2387 860 2484 δρδοσονοῦνσον,
884 2393 978 2463 ἕνεκα
1000 2397 1061 2462 σοῦ
1068 2442 1077 2473 ,
1102 2389 1219 2462 οὕνεκα
1240 2395 1305 2462 σοι’·

239 2500 365 2579 κακῶς
390 2495 464 2586 γὰρ
485 2493 759 2584 ἐγκλίνουσιν.
782 2497 836 2563 Cf.
860 2499 983 2564 Arcad.
1007 2519 1040 2584 p.
1065 2502 1146 2580 144,
1170 2502 1201 2566 4.
1247 2495 1306 2590 Sed

239 2627 283 2675 ex
304 2617 453 2674 veterum
476 2601 652 2684 doctrina,
673 2607 712 2666 nt
734 2603 800 2666 iarn
822 2603 935 2691 vides,
957 2601 1025 2667 hoo
1045 2602 1088 2666 ad
1114 2601 1207 2666 aliud
1221 2621 1307 2688 pror-

238 2729 297 2776 sus
328 2706 620 2792 gennspertinet.
674 2703 763 2771 Narn
796 2702 890 2772 ἕνεκα
916 2705 987 2770 illis
1009 2723 1077 2768 non
1099 2704 1305 2788 praepositio

218 2817 305 2886 est,
337 2809 396 2876 sed
430 2807 624 2874 ooninnctio
655 2802 849 2890 (σύνδεσμος
882 2799 1116 2893 οἶσιολογικός)
1146 2814 1184 2871 et
1203 2807 1306 2872 iocum

237 2933 333 2980 snum
362 2912 491 2978 invenit
512 2912 547 2974 in
569 2909 858 2976 coniunctionibus
879 2911 1049 2995 (apollon.
1073 2910 1116 2974 de
1138 2911 1229 2976 coni.
1251 2909 1306 2976 503

238 3037 313 3101 sqq.
340 3013 417 3080 adv.
442 3008 524 3088 553,
551 3013 606 3078 2⁰.
629 3012 714 3078 Her.
735 3012 792 3078 Jo.
814 3015 868 3080 Al.
890 3015 948 3094 40,
973 3016 1024 3080 15.
1046 3011 1151 3079 Dion.
1172 3021 1304 3118 gremio.

139 3193 140 3198 ,
238 3165 463 3188 -··-·---··
1184 3132 1195 3181 4

239 3288 269 3343 in
294 3285 461 3354 Theocriteo
486 3287 554 3340 loco
580 3275 648 3342 ἇιενν
674 3285 809 3354 vulgatam
833 3283 980 3340 lectionem
1008 3282 1095 3340 fuisse
1120 3281 1151 3338 in
1168 3278 1307 3354 Apollonii

114 3412 117 3420 -
181 3377 182 3386 ’
240 3373 337 3440 verbis
366 3373 445 3426 inest.
486 3371 564 3438 Ηοε,
596 3371 752 3440 neglectum
778 3371 883 3436 adhoc,
912 3381 1026 3440 tangere
1051 3371 1116 3436 hi.
1135 3369 1223 3424 rolui.
1258 3369 1307 3421 Ac·

239 3459 362 3541 optatior
387 3447 546 3526 inquisitio,
574 3459 649 3525 qnod
677 3469 704 3512 et
728 3459 796 3512 cum'
816 3457 895 3511 tmesi
922 3467 1029 3512 etcum
1049 3465 1170 3510 veterum
1189 3455 1307 3510 doctrina

238 3545 275 3598 de
300 3541 378 3598 tmesi
402 3541 548 3598 coniuncta
570 3553 626 3610 est,
652 3553 680 3599 et
706 3542 831 3598 difficilis
856 3551 884 3597 et
909 3543 1004 3612 longa.
1032 3573 1065 3590 ·-
1092 3543 1154 3598 Μιν
1182 3539 1258 3612 ἀμφί
1272 3546 1307 3606 νγ,

237 3634 282 3690 46.
298 3631 328 3694 λ,
346 3635 407 3688 570.
440 3692 442 3698 ,
646 3674 662 3688 π

152 3733 154 3740 ’
306 3730 407 3796 *)'Sed
429 3729 530 3790 intas
548 3729 661 3786 Platoni
679 3728 741 3784 dari
760 3729 963 3807 non'debebat,
981 3727 1057 3797 qnod
1075 3727 1142 3782 tecit
1160 3721 1307 3800 Schneide·
1374 3749 1375 3772 r

239 3835 304 3884 ros,
328 3835 387 3890 rep.
410 3821 468 3874 473.
504 3818 587 3886 Apud
607 3815 777 3883 Sophoclem
793 3816 875 3870 etiarn
892 3816 1024 3870 Trachin.
1043 3817 1095 3872 990
1112 3813 1159 3868 ἔπι
1175 3809 1306 3896 posseri-

238 3903 356 3960 bendum
373 3901 533 3966 videtur,'i.
552 3917 578 3956 e.
596 3899 702 3969 ἔπεσσι,
721 3901 795 3968 qnod
813 3917 975 3968 quemqnam
993 3900 1038 3954 ἔπι
1055 3916 1109 3968 pro
1127 3897 1306 3968 insorrpra‘e·
1374 3931 1375 3950 .

236 4003 315 4047 terea
339 4005 396 4043 non
420 3987 539 4043 inveniri
563 3992 636 4054 apud
662 3985 828 4057 Sophoclem
864 3984 1022 4042 Ellendtins
1049 3983 1145 4043 doouit
1171 3995 1258 4043 tanen
1278 3979 1304 4034 in
1374 4001 1375 4066 ᾗ

236 4077 398 4134 hexametro
415 4073 485 4130 nihil
502 4072 632 4130 offendet.
