2774 4824
238 385 314 466 lm

235 579 423 673 ὑπεκφύγοι
453 585 512 659 (π.
544 579 623 660 371)
655 578 809 660 ΑροΙΙαα.
843 593 939 660 prou.
973 573 1046 642 mr.
1083 575 1125 641 Δι
1164 609 1200 628 -·
1238 575 1307 644 Sed

236 689 371 776 quando
403 682 481 774 ἥμιν
503 683 704 770 scripserint
733 679 819 762 apud
842 678 1041 758 Homerum,
1065 677 1199 763 quaudo
1225 666 1305 767 ἧμιν

236 793 279 858 dc
300 791 366 857 boc
389 789 509 856 vellem
532 783 630 871 plura
652 782 851 850 haberemus
871 783 1075 847 testimonia.
1107 779 1305 865 Iubispau-

235 898 286 961 cis
307 891 524 960 memorabile
545 885 813 953 hocHerodiaui
834 884 889 959 A,
911 873 1018 949 147’
996 875 1073 972 ooo
1091 876 1172 968 ἥμιν
1178 875 1307 972 ‘Exciso

235 1019 293 1084 γον
325 989 492 1072 audacem>
524 987 629 1067 ουτως
649 983 812 1067 ὀξυτόνως
840 984 899 1073 τὴν
930 974 1095 1068 ὄρχουσαν
1125 985 1187 1051 τοῦ
1212 980 1307 1074 ἥμιν·

236 1093 328 1184 ἁπλῆ
356 1089 419 1182 γάρ
446 1089 549 1184 ἔστιν·
587 1089 741 1160 exauctor
786 1087 825 1158 dl
855 1111 909 1156 και
899 1084 987 1169 τὴν
1016 1082 1223 1153 τελευταίαν·
1247 1088 1309 1154 dci

234 1198 309 1287 γὰρ
339 1193 541 1286 ῥωννύναι
566 1192 727 1280 μᾶλλον
748 1189 793 1257 τὸ
814 1187 977 1277 μέτρον.
1020 1187 1076 1253 Cf.
1099 1189 1242 1254 eundem
1263 1190 1304 1253 ad

236 1304 291 1384 A,
314 1304 388 1369 579.
431 1302 588 1365 Attamen
611 1293 861 1363 Aristarchus
851 1313 886 1362 ru
907 1289 1012 1356 schol.
1035 1277 1140 1356 BL
1118 1313 1197 1375 ημιν
1219 1291 1302 1357 dici·

237 1415 292 1470 tur
312 1403 494 1486 scripsisse
514 1401 568 1476 A,
591 1393 674 1479 am,
696 1399 733 1462 in
755 1396 823 1462 fiac
844 1413 976 1462 versus.

317 1524 421 1607 Σφᾶς.
450 1513 522 1587 ἔσθ’
552 1514 608 1585 ὅτι
632 1515 803 1584 συστέλλει
823 1511 862 1582 τὸ
885 1537 910 1580 α
929 1537 991 1580 κατ
988 1507 1183 1600 ’ἔγκλισιη
1205 1507 1301 1628 συζύ-

235 1645 301 1711 you
320 1647 361 1712 τῃ
344 1616 461 1708 μηδ’
484 1609 572 1707 ἧμας
592 1615 628 1687 ἒν
647 1620 695 1706 τῷ

403 1721 488 1809 μέγα
510 1720 548 1790 δέ
569 1743 658 1809 σφας
677 1711 886 1807 ἀποσφήλειε
907 1710 1026 1784 πόνοιο
1049 1717 1107 1798 (E,
1127 1719 1220 1793 567).

233 1827 329 1893 Haeo
350 1829 452 1891 etiam
472 1831 542 1892 tum
564 1825 668 1890 lectio
688 1825 829 1905 erare,
848 1823 925 1890 315.
948 1841 981 1904 p.
1005 1813 1067 1887 178
1088 1817 1196 1907 σαφές
1216 1817 1301 1888 ἐστιν
1338 1831 1341 1838 ’

233 1923 280 2006 ὡς
298 1925 527 2014 ἐγκλιθεῖσα’
511 1953 544 1994 ει
566 1928 613 2013 τῷ
635 1948 675 1992 ου
664 1917 759 2006 ’μέν
779 1944 868 2009 σφας
879 1945 914 1989 ετ
912 1917 1049 1988 εολπα
1060 1917 1301 2010 περιεγράψατο

232 2034 291 2118 τῆς
323 2028 577 2118 περισπωμένας
587 2032 630 2105 *).
680 2025 870 2094 Obscurius
902 2030 954 2092 est
982 2025 1062 2108 quid
1085 2024 1120 2088 io
1142 2021 1197 2090 his
1220 2026 1300 2090 insit

159 2131 167 2148 '
232 2134 320 2218 apud
357 2133 483 2196 Arcad.
515 2131 578 2197 173
612 2122 671 2212 τὴν
701 2128 793 2215 σφᾶς
824 2122 858 2195 oi
887 2123 948 2211 μὲν
975 2119 1167 2208 ’ὀξύνουσιν,
1199 2121 1236 2194 oi
1264 2123 1300 2194 δὲ

233 2233 432 2322 περισπῶσι.

315 2345 446 2426 Αὐτόν,
474 2351 511 2412 ut
536 2350 687 2428 constat,
714 2345 907 2412 inclinatum
934 2345 1298 2428 estM,2ot.Sch01.

231 2449 336 2530 ουτως
362 2447 525 2538 syntaxim
551 2446 610 2534 τὴν
638 2443 842 2534 ἆντιυνυμίαν
868 2443 937 2515 κατ’
967 2443 1150 2536 αἰτιατικὴν
1175 2453 1299 2516 πτῶσιν

231 2555 393 2644 μέμνηται
414 2577 470 2619 ναι
461 2545 720 2629 Ἀπολλώνιος.
742 2573 775 2620 v.
797 2553 853 2618 Jo.
878 2551 980 2617 Char.
1003 2573 1036 2636 p.
1059 2553 1298 2637 iussurum>

232 2661 363 2724 accitus
395 2655 502 2741 praef.
534 2655 577 2720 11.
610 2653 745 2721 XLVI.
793 2655 906 2721 Multo
931 2654 1040 2737 magis
1066 2657 1298 2721 memorabiles
1383 2643 1384 2708 Ϊ

229 2761 298 2824 loci
325 2759 495 2842 Apollonii
524 2777 619 2842 pron.
642 2778 674 2841 p.
697 2759 740 2824 77
745 2777 756 2824 ι
777 2777 810 2852 p.
832 2759 884 2824 33.
906 2758 960 2822 tl.
982 2755 1021 2822 C.
1045 2758 1096 2824 ts
1120 2757 1160 2822 0.
1181 2759 1236 2824 47.
1259 2757 1295 2820 (λ
1383 2763 1384 2846 l

232 2861 398 2926 Videmus
419 2861 455 2924 id
478 2862 580 2934 etiam
601 2879 699 2944 quam
722 2861 919 2924 constanter
939 2858 1125 2941 antiquitus
1144 2859 1233 2926 haec
1252 2860 1296 2924 le·

231 2951 299 3027 ctio
321 2960 448 3025 tradita
469 2961 587 3026 tueritr
609 2970 643 3026 ct
663 2964 736 3046 ipsc
747 2948 907 3047 Trypho,
930 2961 988 3044 qui
1009 2963 1220 3046 vituperator
1239 2982 1295 3028 ex-

231 3065 335 3137 stitit,
357 3062 542 3127 modestius
563 3083 635 3126 eam
657 3065 792 3130 videtur
813 3064 1030 3148 impugnare·
1070 3059 1240 3151 „Tadeos
1260 3061 1295 3130 dri

231 3157 444 3252 παρῄνεσε
476 3160 529 3229 κατ’
560 3157 680 3251 ταύτην
711 3159 937 3251 ὀρθοτσνεῖν.“
982 3165 1087 3231 Putet
1108 3167 1208 3231 etiam
1229 3168 1295 3242 (78.

233 3271 278 3345 Α)
309 3285 439 3333 errasse
471 3265 696 3332 Hermanoum
729 3268 787 3342 (de
812 3287 875 3334 cm.
901 3287 953 3350 gr.
980 3268 1037 3345 83)
1059 3288 1134 3332 oum
1156 3287 1199 3334 ex
1219 3269 1294 3332 loco
1382 3293 1383 3348 ι

233 3367 397 3434 Characis
422 3368 527 3434 fuisse
553 3368 771 3434 concluderet
796 3369 855 3453 qui
881 3369 1063 3453 genitivum
1085 3375 1187 3455 atquc
1208 3370 1295 3434 dati·

228 3493 304 3536 vum
332 3473 433 3536 etiam
455 3491 516 3556 pro
538 3471 703 3536 encliticis
723 3467 895 3552 baberent.
940 3470 1039 3554 Apud
1059 3471 1225 3536 ,loannem
1246 3471 1295 3535 le-
1382 3461 1383 3534 l

228 3573 371 3657 gendum
393 3578 445 3638 est
466 3563 537 3638 ἀλλ’
562 3564 632 3637 οὐδ’
655 3563 701 3646 ὡς
723 3592 784 3654 pro
806 3563 875 3635 ἀλλ’
899 3564 945 3649 ὥς
965 3571 1027 3648 (os.
1045 3573 1155 3656 Apoll.
1177 3574 1227 3640 78.
1241 3573 1293 3652 C).
1382 3569 1383 3601 ¹

229 3675 406 3742 Geoitivus
439 3678 475 3740 et
510 3672 646 3740 dativus
678 3693 744 3738 cur
772 3672 966 3744 encliticam
992 3675 1138 3742 formum
1157 3695 1224 3742 uon
1243 3676 1293 3740 in·

232 3841 455 3860 m

294 3962 318 4018 ⁸)
336 3959 368 4012 lu
386 3959 475 4027 epicis
498 3966 608 4042 praeter
630 3961 781 4018 Homerum
799 3975 854 4018 uon
874 3959 940 4018 aovi
957 3963 1032 4033 αφᾶς
1047 3962 1103 4021 uisi
1119 3978 1159 4020 ex
1175 3962 1290 4044 Orod,

226 4049 286 4103 231.
306 4045 436 4116 (ἕνπιί,
460 4049 521 4103 171.
553 4111 555 4115 ,
