2786 4830
83 483 390 562 afa-188·

237 706 313 754 snm
340 681 500 755 *babeant
554 681 612 750 Ne
642 680 707 748 hoe
738 682 895 770 quidem,
923 686 955 756 si
982 675 1060 775 quis
1090 696 1242 776 quaerat,
1271 698 1315 762 ab

239 789 330 853 omni
362 794 465 872 perte
490 783 624 870 plaeere
655 786 785 852 dicam·
815 790 875 856 sed
905 790 992 858 ferri
1014 798 1312 881 potestquudsm-

237 889 426 956 mestee-
459 887 545 955 illud
573 891 684 956 autem
711 911 810 982 upm
806 891 986 960 ferendam
1009 903 1075 977 est,
1104 901 1195 984 quod
1218 901 1313 982 idem

237 993 351 1056 statim
373 992 494 1055 iterum
517 984 711 1073 dieitur,‘'
683 1014 729 1069 ως
749 1015 802 1059 σοι
824 990 946 1062 ἕκαστα
968 992 1038 1085 n‘r'pe
1061 993 1218 1088 ἆὲξηιαιὲ
1248 1007 1310 1082 nt,

223 1095 367 1189 inquis,
396 1086 576 1158 ἓκοιοισ“’
548 1116 633 1182 ωριο
663 1095 833 1176 significet
852 1118 968 1166 omnes
990 1103 1069 1166 anni
1091 1105 1242 1188 fruetus,
1269 1114 1313 1172 ut

236 1217 266 1264 e.
298 1217 330 1279 g.
364 1193 431 1260 Oti.
463 1216 502 1271 Ι,ι
530 1198 595 1264 131
629 1192 749 1282 φέροι
763 1197 802 1266 δέ
829 1221 883 1266 aea
911 1197 997 1290 apsa
1022 1198 1144 1272 πάντα.
1187 1211 1311 1274 etsie

239 1298 331 1384 quud
363 1297 485 1363 malum
507 1303 569 1362 -est
601 1298 699 1380 peius
731 1300 779 1366 fit.
836 1301 927 1370 Nam
959 1312 1309 1396 praeterquamquod

236 1401 368 1466 duobus,
387 1399 664 1484 subsequentibus
685 1403 839 1470 versibus
858 1404 947 1472 idem
958 1411 1157 1476 vocabulum
1168 1413 1310 1482 diverso

236 1521 335 1570 sensu
356 1521 481 1584 ponere
501 1520 564 1565 nee
586 1500 719 1585 elegans
742 1523 815 1571 esse
837 1514 950 1590 potest
973 1511 1169 1598 plerumque
1183 1519 1311 1584 ¹ebnisi

235 1611 309 1672 tuta
339 1602 506 1669 sententia
538 1603 647 1670 omnis
680 1605 810 1675 tollitur
847 1613 1048 1696 ambiguitas
1075 1621 1179 1700 magis
1207 1639 1312 1703 qnam
1381 1661 1387 1732 q

235 1710 331 1772 reete
354 1707 546 1796 inquentem
567 1706 664 1772 decet
685 1710 890 1792 ambiguum,
913 1715 991 1780 side
1011 1717 1226 1802 (quamquam
1236 1724 1312 1788 dis.
1384 1739 1385 1764 ι

102 1793 107 1800 ’
235 1808 328 1874 ficiis
363 1815 415 1873 est
446 1809 579 1888 uidere,
608 1830 682 1874 cum
711 1809 821 1896 saligo
848 1814 1042 1884 offundatur
1063 1820 1200 1904 legenti)
1221 1828 1311 1909 qnid

127 1914 132 1924 '
234 1908 387 1975 haesita
410 1907 635 1990 Serenudus,
659 1912 690 1976 si
713 1917 949 2001 omniaopens
971 1923 1194 1988 rusticarum
1217 1929 1309 2006 buno
1383 1965 1385 1984 s

233 2031 395 2079 suceessu
424 2014 638 2088 curareris,
668 2018 710 2078 ut
737 2035 851 2084 omnes
879 2023 943 2086 tibi
972 2026 1052 2087 anni
1074 2023 1203 2095 fructus
1227 2049 1309 2095 cre-

232 2119 339 2180 scant.
392 2111 571 2178 Esthoe.
604 2115 637 2180 si
668 2119 796 2190 omnia,
812 2137 917 2203 opera
946 2127 1076 2191 rustice
1106 2131 1156 2194 ita
1184 2151 1308 2198 curare

236 2219 310 2297 vis,
341 2217 380 2282 ut
411 2212 543 2298 fruetus
576 2213 660 2280 bene
693 2221 908 2300 proveniant,
942 2232 979 2291 ut
1005 2245 1119 2296 omnes
1139 2232 1202 2297 tibi
1223 2238 1307 2301 anni
1384 2223 1385 2276 ἒ

232 2316 362 2382 fructus
385 2316 556 2381 crescant!
581 2349 619 2364 ·-

319 2468 384 2533 His
416 2469 570 2534 omnibns
602 2471 776 2552 perpensis
794 2473 854 2556 ita
879 2476 994 2546 iudico
1016 2479 1236 2554 haecomnia
1260 2493 1303 2556 ab

231 2571 333 2636 initio
362 2590 438 2635 eum
467 2571 689 2656 subsequente
717 2568 864 2656 carmine
891 2601 957 2646 non
980 2588 1162 2653 coniuncta
1182 2592 1302 2670 inisse,

230 2675 291 2740 sed
325 2672 431 2738 fuisse
459 2665 526 2737 hoe
553 2673 629 2738 loeo
657 2675 817 2762 quasdam
838 2685 1061 2791 agricolarum
1082 2695 1302 2761 sententiolas

231 2779 327 2842 iuxta
353 2772 513 2858 positas,
529 2797 667 2861 querum
698 2785 879 2850 extrema
878 2805 899 2850 a
927 2807 1027 2854 versu
1048 2789 1125 2858 392
1133 2796 1207 2860 ab
1196 2815 1302 2882 smpe-

126 2880 131 2912 ¹
232 2879 300 2942 rita
321 2893 420 2940 manu
452 2881 579 2944 mutate
610 2884 704 2979 sunt,
733 2883 824 2968 quod
844 2889 987 2957 maxime
1009 2895 1165 3003 suspicer
1184 2899 1221 2964 in
1240 2899 1300 2965 illo

232 2972 391 3046 ναίουσιν.
466 2988 469 3008 ⁸

601 3079 608 3112 Ι

737 3271 783 3343 [Β.

315 3424 531 3506 interponam
563 3421 629 3490 hoe
649 3426 726 3494 locu
748 3424 912 3500 eiusmodi
934 3435 1172 3510 diasceuasees
1191 3466 1297 3512 exem-

229 3529 338 3610 plum,
361 3547 427 3612 qno
448 3525 574 3591 nullum
595 3525 679 3596 mihi
699 3530 834 3599 uidetur
849 3535 940 3622 ¹tingi
960 3546 1293 3625 possemanifestius.

228 3629 296 3692 Ubi
316 3629 439 3693 aetatis
461 3630 606 3718 omnium
629 3635 906 3718 corruptissimus
928 3639 1081 3712 homines
1103 3649 1294 3716 deseribun-

114 3791 116 3794 .
230 3735 301 3807 tur,
322 3729 407 3796 haee
428 3736 523 3812 sunt,
544 3751 577 3797 v.
597 3735 669 3856 192

400 3825 481 3898 oens
500 3855 551 3911 τις
572 3827 712 3924 avo'paov
731 3830 827 3928 χάρις
848 3839 980 3912 ἔσσεται
1001 3840 1080 3917 οὐδὲ
1101 3847 1239 3933 δικαίου,

326 3957 328 3964 ’
395 3923 467 3998 οὔτ’
490 3927 638 4020 ἀγαθοῦ
659 3937 786 4022 μᾶλλον
808 3941 847 4012 δὲ
867 3969 975 4014 κακον
985 3950 1128 4041 ρεκιηρα
1139 3977 1195 4021 και
1186 3949 1292 4040 etipsa
1386 4019 1387 4032 n

398 4028 500 4121 ἀνέρα
521 4031 706 4126 τιμήσουσι,
729 4039 835 4141 δίκη
825 4039 910 4114 δ”
878 4075 913 4118 ευ
933 4050 1025 4142 χερσὶ
1046 4079 1100 4124 και
1122 4051 1221 4135 αἰδὼς

400 4128 461 4202 οὐκ
482 4133 591 4206 ἔπαιε
