2824 4820
227 440 306 520 256

411 590 421 616 ,
659 582 660 590 .
761 585 764 596 ,

229 665 288 713 eas
308 641 423 728 leges,
445 657 529 724 quas
541 621 587 702 ’ἰιι
610 634 739 700 maiore
761 637 796 698 et
818 651 878 696 suo
900 628 1052 695 carmine
1078 628 1304 696 severissimas

224 729 364 817 secutus
386 747 455 818 est,
478 741 514 804 in
535 737 602 802 hoc
624 736 787 822 opusculo
803 734 985 800 laxaverit.
1029 733 1074 798 Et
1095 733 1161 798 hoc
1182 740 1248 812 est,
1270 735 1304 798 in

229 872 295 938 quc
321 835 442 914 ¹nostru
471 841 657 926 disputatio
681 839 881 918 versabitur.
933 835 1031 914 Quae
1054 857 1109 902 res
1131 857 1203 901 cum
1228 857 1303 922 pro·

122 990 125 992 ·
228 954 352 1022 cedere
384 951 531 1033 nequeat
564 944 631 1008 nisi
664 942 744 1008 illae
776 941 873 1026 ipsae
901 938 1188 1025 Dionysiacorum
1216 939 1304 1023 leges

229 1055 425 1126 accuratius
457 1042 725 1134 cognoscantur',
758 1045 825 1110 hoc
853 1063 990 1129 agemus
1012 1045 1129 1126 itaque
1152 1063 1224 1106 rem
1245 1062 1303 1106 no-

228 1168 332 1227 stram
353 1154 571 1230 instituamus
594 1155 631 1214 ut
652 1168 738 1235 quae
761 1149 795 1212 in
817 1145 1042 1231 Diony'siacis
1068 1152 1219 1210 secutum
1249 1147 1303 1209 ob-

157 1331 161 1344 ,
229 1261 440 1330 servavimus
473 1271 652 1344 potuemus,
685 1249 765 1314 hinc
795 1249 950 1334 exempla
979 1256 1147 1331 petamus,
1171 1253 1304 1313 conten·

228 1367 347 1432 damus
369 1357 491 1436 deinde
513 1353 764 1438 Metaphrasin,
787 1335 949 1450 monituri
976 1352 1008 1417 si
1030 1351 1114 1437 quid
1136 1351 1304 1416 inventum

228 1469 335 1534 fuerit
357 1463 570 1546 discrepans,
593 1455 678 1521 nihil
701 1457 864 1540 monituri
887 1455 1160 1522 ubiconveoiunt
1182 1452 1302 1519 omnia.

727 1644 755 1728 §-
780 1648 810 1709 1.

260 1830 265 1845 '
349 1784 504 1908 Dionys.
537 1817 591 1896 11,
620 1819 685 1886 044
711 1809 826 1898 ἠελίου
853 1812 891 1882 δὲ
919 1791 1123 1902 φαυέντος’
1104 1813 1174 1882 απὸ
1204 1813 1305 1902 γλωσ-

816 1921 898 1995 σῶν,
921 1912 989 1984 ἀπὸ
1013 1917 1140 2001 λαιμῶν

238 2066 241 2074 =
278 2037 281 2072 -’
360 2023 408 2108 είς
430 2024 552 2114 ἐνοπὴν
573 2015 769 2110 πολύπηχυς
789 2015 996 2108 επεβρυχᾶιο
1021 2013 1194 2108 Τυφωειίς.
1380 2089 1382 2122 n

307 2129 395 2204 Hoc
428 2129 505 2202 loco
540 2124 714 2206 Graafius:
743 2125 945 2210 „elegantes
964 2117 1290 2192 Rhadamannus'”
1254 2147 1304 2189 au·
1381 2127 1382 2171 ἲ

146 2247 150 2255 ’
229 2227 462 2328 yidcuwvfl‘
474 2219 754 2308 Emendationem
789 2215 988 2314 quidemh.
1021 2227 1043 2292 Ι.
1078 2248 1144 2305 uon
1177 2235 1303 2308 tantum
1380 2271 1383 2291 ,1

229 2337 394 2424 elegantia
416 2317 553 2428 suadet,
575 2329 635 2396 sed
659 2350 809 2418 prorsus
818 2331 1012 2397 neccssaria
1033 2337 1096 2396 est.
1141 2330 1304 2400 Constans

229 2439 347 2507 Nouoi
380 2437 438 2503 iex
469 2448 543 2518 est,
572 2441 610 2500 ut
637 2435 765 2526 primae
794 2417 1035 2502 declinationis
1057 2434 1203 2521 genitivi
1225 2453 1305 2498 nuu-

230 2563 330 2631 quam
364 2540 466 2608 aliter
486 2523 614 2616 exeant
642 2555 785 2624 quam
772 2538 807 2602 in
829 2528 928 2604 οίιον.Ι
954 2534 1088 2626 Etenim
1111 2535 1224 2620 XVI,
1247 2537 1305 2602 400

264 2711 268 2724 ,
313 2633 354 2731 ἢν
379 2632 558 2728 Tei-dana
541 2632 718 2730 antipapae,
739 2633 796 2726 cici
815 2634 1012 2728 χαίρουσαν,
1035 2635 1160 2728 ἑορτῶν
1286 2690 1290 2700 ,

228 2749 296 2821 iam
317 2765 436 2828 sensus
457 2743 591 2828 flagitat
613 2735 666 2808 ἇεί
685 2737 867 2831 χαίρουσαν
888 2737 1036 2830 ἑορταῖςι
1059 2744 1187 2824 ibidem
1203 2746 1303 2828 x111,

227 2854 300 2920 451
315 2846 440 2946 maicone
461 2867 524 2931 pro
551 2847 709 2932 πειρῶν.

247 2984 395 3052 Non
419 2988 514 3046 recte
535 2982 640 3066 igitur
660 2983 816 3062 Βακχῶν
823 3002 886 3068 pro
908 2976 1045 3065 Βάκχου
1066 2973 1179 3071 posuit
1205 2988 1305 3052 Grae·

227 3084 533 3168 fiusXXI31483
556 3081 720 3160 XXVII,
746 3087 818 3152 104.
842 3069 922 3164 109,
945 3087 1077 3171 ΧΧΧ,
1099 3085 1163 3156 045
1186 3091 1305 3156 etalna

228 3189 445 3280 quibusdam
451 3187 549 3252 :iocis
573 3207 636 3272 pro
662 3180 800 3270 Βάκχων
826 3189 1040 3256 inferendum
1061 3210 1136 3258 esse
1158 3195 1304 3295 suspica·
1371 3181 1375 3196 '

228 3304 285 3361 tus
317 3299 385 3368 est,
419 3309 622 3376 quamquam
650 3290 740 3358 nihil
762 3295 872 3358 minus
900 3297 1144 3396 necessarium,
1166 3319 1199 3364 v.
1223 3320 1253 3362 e.
1273 3317 1303 3382 g.

103 3472 105 3478 ,
228 3395 397 3476 ΧΧ1111,
426 3396 511 3460 ·.105
550 3395 628 3460 111
661 3393 798 3460 Offert
835 3415 873 3462 so
912 3397 1058 3542 denique
1094 3386 1184 3467 idem
1216 3403 1304 3466 Βαν-

227 3503 294 3586 χῶν
315 3497 466 3580 Xle‚·
468 3497 595 3562 000
732 3529 737 3542 ·
807 3531 810 3544 =
905 3536 910 3544 ι

508 3597 604 3682 μέλει
625 3593 694 3666 δ”
676 3597 765 3684 enci
767 3593 872 3690 ὄργια
893 3605 1033 3687 Βακχῶν
1116 3641 1118 3648 v

266 3733 270 3741 ¹
334 3733 336 3739 ι
396 3697 587 3789 ὑμετέρων,
606 3697 1018 3793 θυοραῖαρυτῶνώδῖυα
1040 3707 1229 3778 πεποίηκ’·

230 3811 292 3877 sed
314 3831 355 3874 eo
378 3803 513 3892 quoque
528 3806 628 3886 noco,
655 3815 860 3894 quamquam
879 3811 965 3878 nihil
989 3818 1119 3879 monuit
1139 3813 1301 3891 Graefius,

228 3919 372 3982 veteres·
391 3902 737 3996 editionequdaxwv,
766 3900 855 3999 quod
879 3917 988 3999 ipsum
1011 3927 1128 3982 verum
1151 3926 1218 3999 cst,
1240 3916 1302 3980 nisi

229 4015 325 4082 forte
345 4007 480 4093 Βάκχου
501 4011 662 4080 malueris
683 4017 744 4090 (cf.
768 4017 917 4095 XLIV„
940 4021 993 4086 05.
1016 4024 1069 4087 40.
1093 4023 1179 4100 101).
1223 4021 1302 4086 Cec-

147 4121 149 4124 ’
230 4128 304 4186 tum
333 4121 450 4182 autem·
477 4122 546 4194 est,
578 4119 900 4206 interpunctionem
920 4119 1120 4191 mutandam
1146 4127 1234 4209 esse,
1268 4127 1302 4186 ut
