2806 4826
215 371 312 448 16»

298 571 376 634 Huc
404 567 490 632 adde
511 586 623 632 mores
644 565 780 650 limeum
802 567 955 658 evolutos
983 567 1028 643 (u.
1053 569 1161 648 its).
1179 569 1278 638 tabu.

152 751 153 756 .
198 676 321 738 larum
354 667 634 756 enarrationesi),
663 670 819 751 denique,
850 689 934 748 quae
961 672 1034 733 sine
1062 670 1164 748 dubio
1197 693 1279 756 pars

213 795 332 858 rnsgna
357 772 442 852 suit,
470 771 721 834 adhortationes
749 770 886 834 uirtutis
908 778 941 834 et
963 781 1139 856 praecepta
1168 795 1281 848 mora·

173 934 175 945 .
213 881 272 958 lia,
295 897 340 942 ex
360 861 529 942 veteribus
552 873 661 956 poetis
683 871 805 945 elicita,
828 875 960 956 saepius
988 874 1165 952 inculcata,
1188 877 1281 960 quod

211 998 333 1062 genus,
361 978 392 1040 si
405 963 450 1038 'in
472 976 540 1038 illis
562 975 764 1060 temporibus
784 973 1007 1047 subsistimus,
1030 994 1071 1038 ex
1093 976 1281 1060 Plutarcho

212 1089 247 1142 et
262 1075 469 1162 Porphyrio,
493 1077 550 1159 qui
572 1074 657 1138 illud
679 1094 773 1138 suurn
786 1067 932 1138 διδάσκει
964 1071 1000 1141 δὲ
1028 1061 1215 1165 ὅποιητὴς
1236 1079 1282 1142 ad

214 1181 362 1244 taedium
396 1199 501 1260 usque
529 1177 697 1255 decantat,
726 1177 952 1259 cognovimus.
1007 1175 1146 1252 Revoca
1179 1181 1282 1244 etiam

193 1281 248 1345 in
277 1281 471 1344 memoriam
500 1279 713 1362 quaestiones
734 1280 877 1343 solutast
907 1285 941 1343 et
963 1279 1133 1362 intelliges
1155 1289 1283 1366 quanta

214 1389 248 1447 in
275 1383 330 1448 his
357 1380 688 1464 interpretationibus
709 1381 863 1463 expromi
885 1382 1034 1465 potuerit
1053 1379 1224 1447 ‘facundia

301 1552 340 1614 ln
370 1549 564 1613 Alexandro
591 1555 767 1632 praeterea
794 1548 992 1631 notandum,
1021 1551 1166 1616 maxime
1195 1550 1294 1632 eum,¹

216 1662 254 1718 ut
276 1672 317 1718 ex
341 1657 413 1714 tota
435 1651 599 1714 Aristidis
626 1651 768 1743 epistola
789 1657 944 1735 apparet,
974 1655 1089 1735 pueris
1111 1662 1146 1716 et
1168 1653 1283 1718 adole-

218 1740 378 1820 scentulis
407 1751 624 1840 instituendis
651 1771 785 1842 operam
816 1753 960 1818 dedisse.
1006 1754 1042 1817 Si
1064 1753 1283 1820 nihilomiuus

216 1860 258 1922 ab
279 1853 452 1920 faciundis
473 1860 599 1918 tantum
620 1843 750 1939 glir'riae
770 1861 889 1922 nactus
910 1863 971 1927 est,
994 1862 1117 1939 quanto
1136 1855 1283 1920 hooma·
1394 1865 1395 1870 ’

218 1959 364 2045 gisileri
389 1963 536 2038 poterat,
565 1960 595 2022 si
617 1957 694 2040 quis
717 1957 957 2040 elegantiarum
979 1955 1147 2022 hominum
1170 1960 1283 2023 cirou.
1394 1977 1395 1980 ¹

219 2063 270 2127 los
291 2057 516 2140 congregabat
537 2063 652 2143 poetas
684 2062 818 2122 veteres
839 2079 883 2125 ex
905 2079 965 2126 ore
985 2080 1046 2126 suo
1069 2067 1282 2146 excepturos.

666 2243 835 2269 ψ

165 2404 169 2415 ,
216 2378 440 2411 -0--1-'2-

223 2547 308 2598 sume,
322 2528 479 2600 utriuslibet
496 2529 617 2584 auctoris
627 2529 765 2584 carminat.
778 2529 891 2598 quac‘tu
902 2531 941 2588 ita
951 2533 1103 2600 resolvisti,
1121 2543 1149 2590 ut
1160 2535 1286 2602 quamvis

221 2624 357 2672 structure
373 2618 483 2671 illorum
503 2615 648 2670 recesserit
664 2627 820 2690 permaneat
845 2625 933 2670 tamen
950 2619 1049 2685 gratia.
1078 2619 1126 2673 Sic
1144 2620 1216 2673 enim
1237 2620 1287 2674 illa

221 2719 259 2756 ex
285 2702 340 2755 alia
365 2702 459 2770 lingua
484 2702 514 2755 ln
540 2700 622 2752 aliam
649 2700 819 2766 transtulisti,
842 2713 871 2756 ut
893 2703 1194 2768 (quoddilficillimum
1216 2694 1287 2767 erat)

154 2831 158 2834 .
221 2801 314 2840 omnes
337 2781 450 2840 uirtutes
469 2787 496 2839 in
514 2785 630 2839 alienam
648 2794 675 2838 te
693 2785 844 2839 orationem
864 2798 972 2840 secutae
989 2786 1067 2841 sint«
1088 2821 1119 2832 —
1138 2791 1183 2842 Ex
1202 2789 1287 2844 Statii

220 2871 284 2923 loco
301 2879 427 2938 putemus
447 2871 585 2938 explicari
603 2869 767 2922 Frontonem
786 2871 819 2922 ad
838 2871 876 2924 Μ.
895 2871 973 2924 Caes.
990 2873 1026 2925 de
1043 2873 1135 2940 eloqu.
1153 2867 1178 2932 9.
1197 2891 1224 2940 p.
1242 2877 1286 2930 94.

220 2956 422 3020 Philosophiae
449 2957 601 3010 studiosum
624 2955 740 3022 opponit
766 2955 922 3010 rhetoricae
948 2973 1060 3026 operam
1084 2957 1203 3012 natanti.
1242 2957 1288 3010 Il·

222 3041 276 3094 lins
297 3042 382 3094 multo
405 3045 498 3110 minus,
516 3039 684 3094 laboriosam
707 3055 821 3105 operam
842 3056 918 3108 esse,
937 3041 1047 3112 fquippe
1068 3042 1125 3096 »cui
1147 3041 1217 3094 nihil
1233 3059 1287 3110 per
1353 3089 1357 3102 „

223 3135 329 3178 noctem
356 3121 539 3180 meditandum
569 3133 615 3177 aut
642 3123 885 3192 conscribendum,
908 3125 979 3178 nihil
1012 3127 1142 3194 magistro
1167 3127 1287 3180 recitan-

159 3271 161 3274 ,
221 3211 299 3275 dum,
323 3209 393 3263 nihil
421 3213 457 3265 de
483 3208 614 3264 memoria
645 3209 892 3277 pronuntiandum,
926 3208 1002 3264 nulla
1032 3215 1178 3266 verborum
1204 3211 1285 3264 inda-

221 3294 309 3362 gatio,
335 3294 437 3348 nullius
463 3293 613 3366 synonymi
640 3302 760 3360 ornatus,
779 3293 854 3366 nihil
866 3294 901 3346 de
918 3296 1026 3348 Graeco
1050 3296 1077 3348 in
1094 3293 1212 3348 dostram
1230 3296 1289 3348 lin-

222 3397 303 3448 guam
320 3381 458 3447 pariter
474 3379 661 3434 vertendum.
680 3377 982 3434 Heindorliusmavult
1002 3380 1159 3445 melichon,
1176 3379 1288 3446 sedpr-

222 3466 291 3522 riter
312 3474 421 3518 vertere
441 3463 495 3517 erit
522 3462 600 3534 quasi
628 3461 690 3529 pari
716 3463 813 3530 gradu,
840 3472 868 3515 ut
894 3463 998 3532 pariter
1024 3465 1102 3518 cadat
1129 3465 1217 3518 oratio
1239 3467 1287 3527 (cf.
1394 3463 1395 3520 l

223 3551 282 3605 cic.
312 3559 381 3604 orat.
404 3552 458 3616 is),
491 3549 554 3602 cola
571 3547 654 3612 colis,
684 3557 816 3600 commata
843 3546 983 3601 coturnatis
1001 3547 1198 3616 respondeant,
1228 3565 1286 3604 non
1394 3577 1395 3630 ζ

208 3633 377 3699 deficiente,
395 3641 426 3687 ut
444 3643 542 3700 sponte
560 3631 732 3696 intelligitur,
751 3629 884 3684 orationis
898 3631 999 3698 gratie.
1032 3631 1121 3688 Vides
1132 3634 1216 3698 igitur
1233 3633 1289 3688 hoc
1394 3633 1395 3686 l

223 3719 253 3772 in
281 3711 419 3772 rhetorum
446 3733 558 3785 quoque
582 3711 685 3770 scholis
710 3725 738 3769 ct
763 3713 943 3769 exercitatum
964 3725 991 3768 et
1008 3716 1037 3770 in
1055 3717 1152 3786 prinis
1169 3715 1290 3775 difficile
1394 3729 1395 3788 ζ

226 3803 374 3857 iudicatum
390 3819 461 3858 esse.
1322 3800 1324 3810 ’
1394 3801 1395 3812 ’

291 3940 317 4001 *l
334 3939 425 4004 Tales,
449 3907 543 4005 quales
565 3937 594 3994 in
617 3934 794 3993 brevioribus
818 3932 933 3992 scholiis
949 3937 1080 3995 habemus
1098 3938 1158 4006 (D),
1175 3934 1291 4013 Plerae-

225 4039 280 4096 pus
297 4023 392 4095 pulcre
412 4032 563 4080 summere
