2774 4824
265 446 315 532 ‚82

264 668 297 714 ν.
318 669 348 713 c.
371 645 508 732 propria
529 641 803 710 constructiosit
823 627 892 712 ύιιὸ
914 634 1009 726 δουρί
1029 631 1319 726 ίμῷτεαωαοαλιι

263 743 319 816 ὑπ’
350 743 419 836 epp
451 743 561 834 daupi,
594 744 685 830 quod
709 741 916 807 *Aristarcho
945 739 1159 826 hyperbaton
1193 743 1318 822 esset‘),

263 839 462 916 Ptolemaeo
484 850 606 914 rationi
631 847 831 910 conveniens
852 843 1035 909 videretur.
1077 843 1167 908 Nam
1183 845 1317 928 'diiigen-

263 960 317 1017 ter
337 959 472 1018 veteres
492 949 701 1033 grammatici
723 947 941 1030 quaesivere,-
956 945 1038 1029 quid
1059 946 1095 1008 in
1107 947 1316 1012 collocatione

263 1057 442 1121 verborum
464 1053 587 1116 rationi
610 1057 866 1116 consentaneum
888 1055 996 1128 esset,
1021 1047 1103 1131 quid
1125 1051 1315 1114 usudemum
1372 1095 1374 1100 .

263 1157 424 1241 loquendi
452 1155 506 1225 vel
536 1160 709 1238 poetarum
735 1151 892 1215 libertate
913 1150 1098 1216 inductum.
1143 1151 1185 1214 lu
1201 1153 1267 1234 ‘qua
1286 1171 1315 1212 re

257 1258 430 1348 ¹quomodo
453 1279 489 1322 se
509 1257 691 1340 gesserint,
716 1254 832 1334 paucis
854 1252 1017 1334 exemplis
1040 1271 1085 1316 ex
1095 1251 1261 1336 Apollonii
1281 1251 1315 1314 de

263 1362 510 1448 constructione
532 1360 619 1423 libro
643 1355 758 1439 petitis
787 1354 976 1418 illustrabo.
1088 1381 1091 1388 ⁴

280 1493 310 1534 '=
345 1496 481 1578 Anceps
512 1491 554 1557 fit
581 1487 680 1566 (baec
711 1487 805 1554 iilius
837 1489 1084 1571 argumentatio
1117 1493 1170 1554 est
1202 1509 1235 1575 p.
1260 1487 1311 1552 tri

260 1603 373 1681 seqq.)
400 1595 628 1674 constructio,
656 1594 685 1656 si
713 1611 733 1654 a
759 1591 863 1656 verbo
886 1591 999 1675 aliquo
1021 1591 1144 1676 pendet
1165 1587 1314 1656 accusati-

262 1718 325 1765 vus
346 1698 493 1762 nominis
515 1695 568 1760 vel
591 1695 799 1774 pronominis
822 1713 895 1757 cum
920 1694 1091 1758 infinitivo
1113 1696 1242 1768 activo,
1268 1690 1315 1774 qui

261 1807 295 1866 et
315 1803 387 1876 ipse
408 1797 634 1863 accusativum
655 1797 721 1860 sibi
745 1795 917 1877 adiungit,
940 1801 978 1860 ut
1000 1797 1033 1859 in
1056 1795 1121 1860 hoc
1147 1785 1314 1881 ἀνάγκασόν

258 1925 301 1985 μα
322 1895 456 1988 ύβρίσαι
477 1919 531 1980 σε,
554 1892 696 1985 ποίησον
721 1890 887 1984 Τρύφωνα
909 1896 1017 1984 φιλεῖν
1035 1891 1269 1972 Ἀπολλώνιον,
1288 1897 1315 1956 et

258 2007 294 2067 in
329 2001 514 2066 Homerico
546 2001 605 2062 illo
635 1996 694 2076 δὸς
725 1996 765 2066 δέ
793 1994 819 2062 ι’
850 1991 900 2077 ἔμ’
931 1989 1035 2084 ιῖνιλρα
1057 1994 1142 2064 ἑλεῖν
1164 2001 1223 2079 (Ε,
1246 1997 1312 2064 1185.

260 2105 328 2172 Sed
359 2105 391 2166 si
422 2122 466 2168 ex
494 2102 609 2165 verbis
639 2099 779 2166 πλουτεῖ
811 2095 954 2187 Τρύφων
986 2101 1028 2165 fit
1054 2097 1139 2186 φασί
1164 2093 1313 2187 Τρύφωνα
1365 2091 1369 2113 ’

258 2205 431 2282 πλουτεῖν,
454 2189 613 2266 similiter
633 2201 698 2265 hoc
723 2197 817 2268 Θέων
837 2196 952 2288 ύβρισε
973 2197 1088 2270 Δίωνα
1109 2201 1312 2268 commutabi-

257 2307 369 2370 turin
391 2299 523 2388 λέγουσι
548 2299 664 2381 Θέωνα
684 2295 821 2388 ὑβρίσαι
840 2299 966 2370 Δίωνα.
1010 2305 1146 2370 Clarum
1171 2311 1220 2373 est
1239 2303 1313 2368 enim

257 2405 460 2472 infinitivum
492 2405 651 2490 subsequi
683 2404 805 2468 debere
837 2408 1064 2472 accusativum
1096 2428 1191 2487 eum,
1217 2406 1268 2470 coi
1285 2406 1314 2466 ut

256 2509 463 2596 nominativo
486 2507 676 2571 arctissime
697 2506 899 2572 coniunctus
918 2515 1002 2575 erat.
1038 2507 1129 2573 Dein
1149 2509 1312 2574 hocetian

256 2607 292 2678 in
319 2614 441 2676 natura
467 2609 613 2692 positum
642 2613 694 2672 est
721 2629 862 2674 causam·
877 2609 949 2675 sive
969 2610 1006 2674 id
1028 2612 1117 2695 quod
1139 2613 1212 2696 agit
1231 2617 1312 2674 autc·
1368 2609 1369 2630 ί

256 2714 379 2783 cedere
412 2711 445 2778 ei
477 2711 545 2786 rei,
576 2730 664 2794 quae
692 2712 738 2776 ab
770 2712 833 2776 illo
864 2712 979 2795 aliqua
1006 2714 1138 2778 ratione
1166 2712 1310 2778 allicitur.

156 2889 159 2900 ,
255 2813 384 2890 Quidni
406 2811 511 2896 igitur
531 2811 583 2876 ita
604 2811 782 2879 dicendum
803 2813 853 2877 sit
873 2810 991 2900 συνέβη
1013 2807 1071 2897 ἐμὲ
1092 2815 1200 2903 φιλεῖν
1210 2807 1312 2878 Ἀπελ-

255 2909 393 2978 laborovi
437 2913 526 2978 Nam
547 2913 633 2979 illud
655 2912 714 3000 ἐμὲ
736 2913 846 3003 φιλεῖν
868 2914 996 2980 indicat
1016 2909 1311 2998 actionem,24u0t

255 3010 376 3080 λιύνων
397 3015 642 3080 substantivum
665 3035 756 3099 eum,
778 3017 941 3100 adquam
963 3015 1151 3086 baeoactio
1169 3017 1310 3104 pertinet.

257 3117 419 3200 Sequitur
441 3118 544 3199 igitur
563 3124 603 3182 ut
624 3118 707 3182 iliud

423 3214 481 3294 δὸς
501 3215 541 3284 δέ
561 3213 587 3283 τ’
612 3213 660 3302 ἔμ’
685 3211 790 3308 ἄνδρα
811 3215 895 3286 ἑλεῖν

253 3319 463 3404 hyperbaton
485 3323 550 3401 sit,
573 3341 621 3387 sc.
643 3326 706 3406 pro
729 3367 738 3387 .
762 3368 772 3388 .
796 3373 805 3388 .
830 3371 838 3388 .
863 3317 950 3389 ἑλεῖν
971 3313 1086 3414 ύίνιίρα.

338 3421 450 3488 Simili
471 3443 594 3506 genere
616 3426 913 3509 argumentationis
936 3425 1023 3490 idem
1046 3427 1194 3511 scriptor
1206 3420 1310 3510 prro.

253 3545 328 3610 sqq.
356 3524 479 3606 utitur,
508 3527 567 3589 ubi
591 3525 739 3609 disputat
760 3527 803 3590 de
826 3529 1079 3609 pronominibus
1101 3529 1263 3594 encliticis
1282 3525 1309 3586 ot

252 3627 551 3693 orthotonumenis.
612 3627 760 3712 Proprie
799 3651 980 3712 pronomen
1019 3631 1310 3695 orthotonumenon

253 3731 361 3792 verbo
393 3749 459 3794 nou
489 3729 596 3813 magis
623 3732 888 3815 postponendum
911 3751 1104 3816 essequam
1126 3732 1309 3797 encliticum

250 3831 542 3914 praeponendum:
570 3851 679 3916 nequo
709 3835 871 3918 exemplis
902 3819 1040 3918 probari
1065 3853 1165 3921 posse
1187 3839 1311 3902 contra·

250 3999 475 4016 m

270 4082 278 4168 f
319 4118 346 4180 r)
363 4116 406 4173 Ito
429 4116 556 4175 ridentur
572 4127 701 4189 spectare
717 4121 779 4182 eius
796 4081 1012 4185 observationes
1025 4124 1063 4182 ari
1079 4129 1118 4191 A,
1139 4125 1183 4180 11.
1203 4125 1244 4188 Φ,
1259 4119 1310 4176 317·
