2806 4826
1111 365 1113 368 ⁵
1139 420 1166 495 a

101 617 176 692 tali,
210 613 254 682 de
279 632 344 699 qua
370 601 484 680 ¹tamen
513 613 602 698 Apio
623 615 697 698 ipse
723 615 954 699 dubitaverat,
976 618 1086 684 addit:
1109 625 1164 699 „et

98 718 185 782 milri
205 705 339 801 quidem
361 735 498 800 prorsus
520 723 611 798 patet
632 737 700 781 rem
723 737 795 782 esse
817 722 1019 799 ementitam,
1041 724 1072 785 si
1089 726 1161 805 qui-

96 822 175 884 dem
204 822 331 885 etiam
356 819 425 883 illi
455 819 613 883 videtur“
639 821 698 895 (Η.
726 821 788 885 Au.
812 819 1162 901 x,2o):utinte11i.

94 943 168 1005 gas,
191 921 273 1007 quid
296 921 338 984 de
357 941 398 986 eo
418 921 562 985 iudicett
586 921 685 985 etiam
709 923 771 1002 illi,
794 924 915 1006 iuquit,
938 928 996 1008 qui
1018 947 1083 987 non
1105 948 1160 990 eo-

93 1027 143 1090 let
174 1026 260 1090 talia
291 1022 459 1106 defugere.
514 1023 626 1100 Quare
658 1025 725 1086 aliu
755 1027 831 1088 loco
860 1025 1008 1090 referens
1037 1047 1080 1089 ex
1108 1049 1158 1108 eo,

94 1147 215 1191 cervos
244 1145 316 1190 esse
343 1123 540 1209 quibusdam
557 1126 654 1206 ,locis
677 1131 849 1208 quaternis
870 1129 1004 1192 renibus
1027 1129 1160 1210 praedi·
1245 1117 1253 1130 ’

92 1237 161 1309 tos,
195 1228 327 1318 adiicitt
363 1221 414 1304 „ei
438 1223 484 1310 μὴ
516 1221 755 1312 τερατεύεται.“
799 1229 890 1294 Hist.
919 1232 981 1294 Au.
1009 1230 1082 1311 Xl,
1105 1235 1156 1295 411.

87 1331 270 1407 βίαιίΙΙίπνο
300 1327 449 1398 Plinius.
475 1322 663 1409 θαυμάσιον
693 1321 842 1412 ἄκουσμα
872 1351 915 1396 ex
942 1332 1158 1417 illopetens,

92 1432 150 1495 his
176 1433 290 1496 uerbis
320 1450 399 1494 usus
421 1437 486 1494 est:
509 1438 577 1508 ‚,ut,
600 1433 861 1496 incredibile
883 1433 1018 1514 dictu,
1046 1435 1156 1516 Apion
1280 1463 1286 1470 ·

93 1533 331 1616 grammaticus
373 1537 535 1616 scriptum
575 1534 773 1617 reliquerit“
810 1532 1064 1617 XXXV,·36,
1103 1539 1155 1600 14.

92 1635 214 1700 Restat
240 1635 348 1699 Plinii
376 1635 418 1696 de
446 1635 631 1698 mendaciis
659 1639 730 1699 eius
758 1637 941 1717 indignatio
970 1635 1099 1718 XXX,
1122 1640 1155 1716 2,

92 1740 123 1815 6,
155 1737 285 1820 quoad
314 1736 498 1797 Homerum
519 1718 688 1797 ducimur:
712 1735 1041 1820 „.Quaerataliqr1iS,
1071 1759 1155 1820 quae

1 1911 2 1914 Ἴ
91 1839 176 1901 ἀντί’
197 1835 329 1899 mentiti
361 1839 495 1898 veteres
524 1835 630 1916 magi,
659 1854 734 1896 eum
766 1835 1032 1902 adolescentibus
1058 1841 1155 1901 nobis
1210 1889 1212 1899 ,

88 1940 188 2002 visus
211 1937 344 2020 Appion
364 1937 603 2018 grammaticae
626 1937 708 1997 artis
730 1927 919 2017 prodiderit
933 1938 1156 2020 Cynocepha-
1260 1977 1269 1992 =

87 2042 171 2104 liam
195 2037 349 2119 herbam,
380 2037 521 2122 quaein
542 2037 698 2120 Aegypto
720 2044 896 2101 vocaretur
919 2038 1075 2115 Osiritis,
1105 2040 1155 2102 di.

89 2143 203 2206 vinam
232 2145 267 2206 et
296 2144 414 2204 contra
440 2138 550 2202 omnia
570 2137 753 2201 veneficia:
774 2138 833 2202 sed
856 2139 885 2201 si
908 2159 948 2204 ea
970 2145 1154 2220 erueretur,

88 2243 204 2306 statim
226 2261 299 2306 eum
322 2241 380 2326 qui
401 2239 542 2312 eruisset
559 2241 655 2302 mori.
699 2238 831 2322 Seque
853 2261 1154 2306 evocasseum-
1228 2295 1232 2314 ,

90 2345 186 2408 bras
213 2342 261 2406 ud
291 2339 620 2424 percontandum
647 2341 882 2420 Humerum,
911 2363 990 2425 qua
1011 2347 1154 2425 patria

89 2446 325 2531 quibusque
352 2443 604 2527 parentibus
630 2443 798 2524 genitus
828 2449 963 2526 esset,
985 2464 1065 2506 nou
1089 2451 1176 2507 ta-·

89 2568 179 2611 men
212 2564 338 2610 ausus
368 2542 591 2627 profiteri,
625 2543 731 2628 quid
758 2544 843 2614 sibi
874 2545 1152 2630 respondisse

1 2723 2 2738 η
88 2649 293 2712 diceret.“
313 2643 371 2721 (cf.
395 2643 469 2709 J'oS.
493 2646 555 2726 Ap.
578 2646 628 2725 ll,
650 2646 695 2721 2).

173 2748 239 2814 Sed
268 2751 461 2831 priusquam
490 2747 537 2810 de
560 2745 630 2808 irac-
651 2765 688 2808 re
717 2748 820 2811 uerbo
847 2765 1053 2823 moneamus,
1083 2747 1152 2812 elia

2 2861 3 2868 ’
86 2852 249 2938 quaedam
279 2850 462 2914 Homerica
483 2846 710 2932 proferamus,
739 2868 825 2932 quae
852 2857 1022 2912 ventosum
1046 2847 1152 2912 lromi·

86 2975 163 3018 nem
196 2953 348 3036 produnt.
404 2948 482 3014 nti.
516 2971 549 3032 p.
584 2953 633 3030 16.
670 2949 690 3010 f
718 2951 826 3026 (Eust.
851 2951 941 3016 1397.
965 2953 1066 3031 1426,
1096 2955 1150 3028 10)

87 3048 233 3132 ‚Muluio
259 3051 295 3118 de*
322 3045 340 3115 ὃ
359 3046 587 3136 Ἀλεξανδρεὺς
608 3048 660 3114 καὶ
683 3044 853 3134 ἀκηκοέναι
876 3048 956 3138 φησὶ
978 3049 1069 3136 παρὰ
1090 3053 1152 3115 τοῦ

81 3149 274 3239 Ἰθακησίου
312 3146 488 3236 Κτήσωνος
524 3151 581 3234 τὴν
606 3155 670 3216 τῶν
700 3145 890 3238 μνηστήρων
920 3149 1071 3217 πεττείαν
1093 3150 1149 3217 ol'a

83 3249 148 3341 ἦν(
190 3262 222 3319 et
249 3255 409 3320 describit
438 3253 562 3316 deliine
586 3255 698 3341 qualis
727 3253 849 3318 fuerit.
887 3254 991 3334 Quis,
1015 3275 1147 3338 quaeso,

82 3363 154 3424 iste
182 3358 301 3437 Cteso,
331 3357 378 3421 ud
401 3376 496 3438 quem
519 3354 625 3420 refert
658 3361 845 3434 auctorem,
875 3359 971 3440 quasi
994 3358 1052 3420 ille
1069 3364 1165 3418 ocu-⁸

81 3463 127 3526 lis
151 3461 222 3523 suis
242 3479 363 3542 procos
385 3457 534 3520 ludentes
556 3456 707 3520 vidisset.
751 3455 896 3522 Scilicet·
913 3460 964 3522 sic
987 3457 1147 3534 ‚‚mundus

83 3563 287 3645 decipitur‘.
330 3559 458 3623 Habuit
478 3556 545 3622 hoc
565 3558 666 3640 Apio,
689 3563 727 3620 ut
743 3577 784 3620 se
803 3559 911 3642 ipsum
933 3559 1064 3621 audisse
1086 3557 1149 3620 ali·

81 3665 167 3750 quid
189 3664 243 3726 vel
266 3661 391 3726 vidisse
413 3662 552 3724 diceret.
605 3661 678 3726 ibin
705 3662 926 3730 immortalem
949 3659 1147 3741 Hermopoli

81 3765 280 3830 sacerdotes
312 3765 379 3846 ipsi
411 3763 634 3841 ostenderant,
664 3761 737 3825 Ael.
766 3761 800 3826 lu.
827 3783 879 3825 an.
906 3759 955 3840 X,
985 3761 1035 3823 te.
1061 3763 1148 3846 ‚An-

79 3870 235 3933 droclum
259 3887 333 3930 cum
363 3867 457 3928 leone
496 3866 603 3947 ipsum
631 3881 710 3927 sese
732 3863 767 3925 in
791 3864 868 3925 urbe
890 3859 998 3924 Roma
1025 3862 1146 3927 vidisse
1194 3894 1204 3907 ν
1271 3911 1276 3922 ,

5 4027 6 4030 ,
77 3971 188 4034 oculis
211 3969 281 4032 suis
303 3965 535 4032 confirmavitt
577 3965 683 4041 „Eius
705 3965 762 4037 rei,
785 3962 906 4045 inquit,
924 3960 1050 4026 Romae
1071 3983 1145 4026 cum

77 4073 172 4138 sorte
200 4089 308 4174 essem
335 4073 511 4152 spectatur·
531 4067 623 4138 luit,
642 4065 727 4130 Geli.
752 4063 795 4141 V,
819 4066 872 4132 14.
920 4063 974 4129 De
995 4067 1090 4147 pueri
1113 4070 1146 4130 et
