2774 4824
78 571 135 642 oda
165 566 409 661 όναοτριπεέον
435 566 495 657 τὴν
522 563 704 660 πρόθεσιν·
725 564 874 658 ίχειχόρ
893 562 1045 652 σόνταξιν
1062 573 1150 662 πρός

75 676 133 764 νην
154 669 397 762 ἐπιφερομένην
418 669 549 759 δοτικὴν
569 671 628 762 τόν
649 667 786 750 ποσσίν,
809 667 939 756 ὁμοίιος
956 675 1006 761 τῷ
1025 665 1149 764 σόςόρο

74 779 137 844 τῶν
168 771 237 844 ὑπὸ
270 773 373 842 ποσοὶ
403 767 577 854 κονίσαλος
609 765 722 861 ι’όρνσό
754 768 877 861 aetite
899 775 961 858 (Γ,
987 779 1051 856 13).
1094 779 1149 843 Ad

78 878 122 960 0,
151 881 216 946 382
242 875 320 963 νηὸς
340 869 425 964 όπερ
446 871 577 957 τοίχων)
600 870 667 942 οὐκΙ
681 869 857 964 ἀναγκαῖόν
878 874 967 944 ἐστιν
988 871 1149 968 ἀναστρέ-

73 1002 150 1068 φειν
180 977 239 1066 τὴν
267 971 448 1064 πρόθεσιν,
481 971 567 1046 ἀλλὰ
596 971 786 1046 σοντόοοειν
812 978 857 1066 τῇ
888 970 1007 1059 τοίχων
1027 984 1148 1068 χενικῇ.

74 1082 174 1148 nude
200 1080 245 1146 ad
266 1083 310 1168 Z,
332 1082 384 1148 92.
426 1080 474 1148 nt
493 1101 604 1148 nonne
625 1081 824 1154 adversatur
845 1081 918 1164 ipse
939 1083 1005 1146 sibi
1030 1085 1074 1158 Y,
1092 1088 1148 1154 53.

72 1184 109 1248 in
137 1184 200 1248 ilio
230 1183 523 1267 grammaticorum
551 1183 709 1250 dissensu
729 1181 772 1246 de
793 1183 884 1246 θεῶν
906 1176 964 1248 tat
984 1182 1151 1252 Καλλικο-

72 1277 161 1371 λώνῃ
194 1291 228 1350 et
251 1282 353 1352 ,θέων
385 1282 443 1352 ἐπὶ
474 1277 739 1372 Καλλικολώνηὲ
795 1281 925 1348 Scribit
957 1283 991 1350 λι.
1023 1286 1046 1350 Ι.
1081 1287 1149 1356 siet
1177 1339 1182 1366 ,

69 1379 245 1474 Ἡρόδικος
263 1383 393 1473 βαρέως
414 1379 625 1473 ἀνεγίνωσκεν
653 1379 699 1463 ὡς
724 1381 847 1474 τρέχων
867 1381 1006 1474 μετοχὴν
1026 1389 1155 1457 ποιεῖν*

70 1482 89 1554 ό
121 1486 235 1572 μέντοι
263 1482 473 1575 Ἀρίσταρχος
505 1487 673 1573 περιέσπα
704 1484 809 1572 λόχων
837 1484 943 1566 νότιος
974 1488 1151 1574 καλεῖσθαι

79 1583 193 1654 τόν’
155 1611 262 1656 τοπσν
274 1590 380 1654 θεῶν
401 1582 652 1711 Καλλικολώνη,
675 1581 788 1675 ὥσπερ
809 1585 866 1654 καί
884 1583 1025 1670 Ἀχαιῶν
1041 1589 1154 1680 λιμήν

68 1685 175 1768 οὕτως
201 1688 283 1757 δέ’
258 1684 408 1812 εχοόσης
437 1690 496 1774 τῆς
523 1684 672 1771 ἱστορίας
692 1687 834 1775 περισσὴ
853 1683 874 1776 ἡ
896 1693 957 1754 τοῦ
974 1685 1153 1818 Ἡρρόίκσιι

69 1783 262 1894 ἇνόχνοισις.
288 1783 311 1876 ἦ
339 1787 454 1872 μέντοι
475 1783 535 1854 έπι
563 1778 728 1876 πρόθεσις
754 1786 840 1852 κατὰ
868 1782 986 1877 τκότην
1013 1791 1082 1892 τὴν,
1097 1794 1151 1863 ἔν·

65 1913 162 1963 νοιαν
200 1882 324 1977 ώφειλε
364 1891 597 1978 προηγεῖσθαι
636 1889 696 1954 τοῦ
729 1882 889 1974 tdyoo⁰
861 1911 945 1955 ωστε
977 1882 1062 1958 εἶναι
1094 1892 1152 1966 tut

68 1993 162 2058 θεῶν
187 1984 447 2078 Καλλικολώνῃ·
474 1989 527 2057 διό
557 1983 757 2112 ἐτόλμησάν
763 2011 849 2067 τινες
870 1984 1094 2083 ἀναστρέψαι
1119 2021 1154 2085 σι

69 2089 186 2176 μέντοι
206 2089 286 2213 περὶ
308 2089 366 2157 τόν
381 2067 622 2180 Ἀσκαλωνίτην
644 2086 703 2158 οόκ
724 2085 948 2184 ἀνέστρεψαν,
971 2089 992 2160 ό
994 2096 1055 2164 tto
1068 2123 1152 2180 σον.

72 2192 192 2274 έταξαν
218 2197 261 2282 τῇ
289 2189 365 2282 ἑξῆς
391 2192 496 2272 λέξει·
522 2191 581 2260 καί
609 2189 716 2270 οὕτως
743 2189 929 2319 έπείσθηη
953 2193 1148 2285 παράδοσις

67 2292 151 2382 λέγω
179 2293 217 2362 δὲ
245 2297 287 2384 τῇ
315 2289 466 2376 συντάξει
492 2319 551 2384 της
574 2295 724 2382 δοτικῆς
747 2293 803 2360 καὶ
824 2293 887 2386 χόρ
910 2296 967 2364 δια
988 2301 1053 2366 τών
1074 2298 1150 2391 ἑξῆς

71 2397 163 2474 (151)
146 2390 445 2484 )Καλλικολιόνης
472 2393 572 2484 φησίν
600 2391 641 2464 od
662 2391 879 2486 προςνείμας
884 2395 923 2464 τό
944 2403 1042 2468 θεῶν
1054 2401 1149 2484 ,οὐδ’

71 2493 187 2587 ετέρως
207 2493 399 2578 ἐκάθιζον
385 2492 437 2578 εντ’
461 2491 586 2588 όφρόσι
605 2491 872 2617 Καλλικολώνης.
877 2501 896 2540 “

150 2600 229 2666 Hoc
255 2603 303 2673 ita
331 2600 534 2686 intelligoz
522 2621 561 2684 nn
582 2602 749 2692 eiusmodi
771 2602 942 2668 nominum
965 2607 1149 2687 parathesi,

77 2700 184 2788 qualis
206 2708 258 2768 est
274 2697 416 2784 Ἀχαιῶν
437 2694 551 2788 λιμήν,
575 2702 631 2766 oui
652 2702 768 2766 simile
786 2701 901 2766 videri
922 2711 1038 2788 potest
1059 2713 1150 2778 θεῶν

74 2797 323 2892 Καλλικολώνη,
357 2810 514 2870 constans
546 2803 607 2868 lex
639 2807 711 2885 est,
746 2803 831 2867 solis
863 2805 975 2888 poetis
1006 2812 1148 2883 subinde
1193 2795 1208 2818 '⁵

74 2908 253 2990 migrata,
266 2911 305 2972 nt
341 2908 509 2990 genitivus
547 2911 785 2995 praeponatur.
848 2904 963 2992 Steph.
995 2911 1090 2998 Byu.
1119 2938 1148 2983 s.

74 3001 207 3073 Δοόλων
236 3001 353 3086 πόλις·
383 3002 583 3130 σημειωτέον
605 2998 683 3072 d’‘'
661 3027 714 3072 οτι
734 3008 899 3093 Κρατινος
921 3007 956 3075 έν
975 3013 1149 3102 Σεριφίοις

79 3100 171 3174 πολιν
180 3102 320 3176 Λσυλων
342 3105 458 3198 φησίν,
474 3100 702 3174 Ἀπολλωνίου
722 3128 889 3193 φηοαντος
908 3134 955 3231 μη
977 3108 1047 3181 όεῖν
1067 3112 1147 3186 ναό-

76 3230 130 3286 νας
148 3207 206 3290 τός
232 3208 441 3298 παραθέσεις
463 3202 673 3275 ε’νολλὰοοειν
694 3203 769 3292 δίχα
792 3233 970 3300 ποιητικης
991 3209 1145 3306 όνιίχκης.

77 3305 161 3377 Hinc
182 3313 304 3397 igitur,
325 3306 385 3380 έπί
404 3312 496 3378 θεῶν
516 3304 768 3398 Καλλικολώνης
787 3314 973 3380 naturalem
993 3320 1146 3393 ordinem

78 3414 153 3497 rati,
189 3413 325 3480 suerunt
356 3415 416 3499 qui
452 3409 591 3480 θεῶν’
575 3409 634 3480 ἐπι
663 3407 919 3500 Καλλικολώνης
949 3420 1147 3490 seriberent.

78 3514 230 3582 Attamen
258 3537 325 3582 non
353 3515 493 3582 admisit
520 3515 587 3582 hoo
608 3514 842 3592 Ptolemaeus,
864 3537 928 3584 nec
946 3520 1146 3601 paradosisz

76 3619 230 3686 naturalis
278 3618 369 3685 enim
412 3617 496 3686 ordo
528 3618 623 3684 visus
665 3615 724 3685 ἐπὶ
767 3612 1007 3706 Καλλικολωνη
1045 3625 1145 3694 θεῶν

79 3712 184 3785 Probo
213 3720 299 3803 hoc,
327 3719 456 3807 inquit,
485 3720 651 3808 equidem.
702 3719 789 3785 Nam
820 3738 888 3784 non
909 3719 1034 3786 similia
1054 3728 1146 3794 θεῶν

79 3817 304 3910 Καλλικολώνη
335 3827 370 3889 et
395 3816 536 3904 Ἀχαιῶν
564 3812 679 3906 λιμήνι
708 3821 834 3904 quippe
856 3839 921 3904 pro
935 3813 1072 3905 Ἀχαιῶν
1092 3828 1146 3896 λι

80 3938 133 4003 μην
158 3943 254 3988 nemo
287 3925 411 3990 omisso
438 3924 592 4008 genitivo
619 3922 734 3986 dicero
755 3925 870 4005 potest
889 3917 1006 4012 λιμήν,
1027 3931 1073 3998 ut
1082 3951 1160 4029 pro*
1219 3998 1221 4006 s

83 4014 134 4085 ilio
153 4026 281 4107 poeta
271 4047 346 4110 ipse
368 4026 458 4092 dixit
478 4025 586 4096 solum
607 4014 859 4110 Καλλικολώνη.
970 4099 971 4104 1
1093 4056 1096 4066 ³
