2806 4826
977 487 989 522 Χ

209 594 365 688 explicat,
387 601 533 666 fortasse
554 615 651 680 vere,
673 597 713 661 de
734 583 980 678 significatione
992 593 1146 660 vocabuli
1169 591 1270 663 ἔπαλ·

208 700 339 770 λίσσοιν
361 724 421 790 pro
444 695 619 767 συνάπτειν
639 699 795 779 afferens,
817 700 865 761 ita
888 701 986 762 etiam
1011 701 1171 784 quosdam
1195 722 1293 765 ora„

209 801 312 873 tionis
344 827 463 891 prosae
484 805 668 889 scriptores
700 800 765 865 hoo
787 802 948 866 vocabulo
980 803 1047 876 nti,
1076 804 1271 884 saepissime

207 917 318 974 autem
350 911 588 974 Aristoxenum
618 903 782 971 musicum
814 897 1043 990 ἓπηλλοιγμένα
1070 905 1200 1029 dixisse
1226 906 1270 973 τὰ

204 1008 397 1099 συνημμένου

293 1129 477 1194 Praeterea
499 1127 541 1192 ad
565 1127 745 1192 Homerum
768 1123 938 1208 pertinent
958 1122 1023 1191 hae
1054 1127 1193 1210 exiguae
1216 1148 1267 1194 re-

205 1233 346 1316 liquiae:
365 1225 514 1314 ’4χιλῆος
535 1251 600 1293 uno
621 1227 643 1293 2.
663 1217 824 1313 scriptum
847 1248 921 1292 esse
942 1248 1009 1291 non
1032 1231 1269 1314 etymologiois

206 1336 390 1399 rationibus
411 1333 471 1397 sed
494 1333 591 1416 metri
612 1350 732 1408 causa,
753 1341 789 1393 ut
810 1323 1006 1416 Κοίμανδρος
1032 1352 1093 1414 pro
1119 1328 1268 1415 Σκάμαν-

206 1437 297 1524 δρος,
326 1435 398 1501 sch.
421 1435 509 1500 Von.
532 1437 580 1514 A,
603 1437 638 1509 1,
662 1433 704 1497 de
725 1427 939 1520 περιῤῥηδὴς,
961 1434 1018 1497 Et.
1041 1433 1090 1496 Μ.
1113 1435 1270 1514 664,”39ε

204 1539 276 1604 sed
295 1559 362 1602 nou
395 1543 487 1618 patet
520 1535 600 1620 quid
628 1534 771 1602 dixerit:
801 1530 919 1620 δωτίνη
939 1533 1020 1602 ’τετυ
1047 1538 1268 1620 compositum

204 1637 298 1726 παρὰ
319 1637 356 1704 τὸ
378 1637 434 1720 τὴν
456 1631 548 1704 δόσιν
569 1661 625 1702 και
616 1631 760 1716 τίνειν,
781 1633 821 1702 ἵν’
840 1627 862 1723 ᾗ
884 1629 904 1721 ἡ
927 1628 1143 1724 ἆποτινομένη
1165 1634 1269 1718 δόσις,

202 1743 255 1806 E.
264 1741 313 1806 Μ.
338 1743 412 1822 294,
435 1741 508 1818 7*).

285 1843 442 1908 Pertinet
463 1843 556 1921 item,
579 1860 774 1925 quamquam
789 1859 830 1903 ex
841 1840 949 1904 altero
965 1840 1151 1907 Alexandri
1164 1865 1269 1929 opere

202 1947 321 2026 sumta,
344 1943 385 2008 ad
399 1945 582 2009 Homerum
595 1945 785 2007 observatio
799 1939 870 2007 de
853 1945 1024 2023 επιυχοῖες,
1036 1943 1078 2009 ad
1090 1941 1176 2015 tus*
1150 1949 1269 2022 ,tta

127 2095 130 2102 .
203 2047 315 2111 Schol.
339 2045 436 2109 aad.
457 2036 987 2130 ὴΙτωεπισχοιμιακολουθον
972 2066 1041 2110 εστι
1058 2069 1096 2110 το
1108 2071 1267 2130 επισχοις

199 2173 245 2235 τῳ
231 2145 323 2214 de'
307 2142 523 2233 επισχοίηςτὸ
536 2141 723 2230 ἒπιυχοίην·
746 2169 800 2210 και
812 2139 892 2224 ιὐιος
904 2141 1023 2212 ε”δει“
983 2170 1086 2225 ουτως
1097 2145 1189 2230 ἔχειν,
1202 2176 1270 2216 πο-
1284 2139 1301 2156 “

163 2317 165 2322 χ
200 2242 357 2334 οεφ3άοη
372 2241 436 2312 δὲ
419 2244 486 2311 υπὸ
498 2241 973 2333 τῶνμεταχοιρακτηριοάντων
985 2273 1031 2334 τῳ
1016 2248 1271 2338 δὲχοοοκτῆοι

200 2343 418 2436 γονόμινονίι
404 2369 502 2431 μονον
512 2350 557 2434 τῷ
570 2343 655 2432 ἰοίην
665 2346 720 2414 καί
732 2342 889 2436 ἇνογοίην
900 2346 1027 2436 παρὰ
1003 2354 1143 2440 Σαπφοῖ
1156 2353 1270 2419 καὶτοῦ

200 2445 388 2536 πεπαγοίην
412 2450 491 2534 παρ’
515 2442 740 2514 Ευπὸλιδι’
711 2443 845 2526 ιικότως
869 2445 1096 2540 ἐβαρυτονιῇθη
1123 2453 1161 2519 τὸ
1190 2453 1268 2521 ἑπι-

201 2549 322 2640 σχοίης,
347 2542 519 2634 γινόμενον
547 2543 756 2632 ἔπισχοῖις
732 2575 776 2628 ως
793 2546 967 2618 Αἶολικόν.
992 2549 1097 2631 ου’τως
1111 2549 1268 2634 Ἀλέξαν-

202 2645 324 2742 doog‘
308 2677 326 2718 ο
350 2649 520 2728 Κοτυυευς
549 2648 590 2718 ἐν
620 2675 672 2740 τῳ
696 2677 708 2717 ι
739 2656 818 2719 τῶν
839 2655 1135 2722 παντοδαπῶν.
1168 2659 1268 2725 Haec

200 2752 401 2822 παντοδαπὰ
434 2761 532 2820 erant
565 2755 645 2818 libri
676 2753 785 2820 XLII
818 2792 860 2804 -
888 2777 931 2820 an
964 2757 1104 2823 XXIV.
1170 2761 1269 2838 Quae

202 2857 315 2941 Steph.
339 2849 378 2920 Β.
402 2877 430 2922 s,
453 2845 639 2922 Κοτυάειον
660 2857 733 2922 sola
760 2859 873 2933 affert,
901 2860 959 2922 ubi
990 2868 1061 2940 est,
1083 2860 1171 2927 huno
1186 2865 1266 2928 Ale-

203 2961 365 3024 xandrum
390 2958 496 3050 fuisse
519 2958 780 3026 eruditissimum
803 2961 926 3040 virum,
949 2951 987 3037 ὃς
1008 2960 1085 3048 περὶ
1112 2987 1265 3030 παντο-

202 3062 338 3145 δαπῆς
359 3055 463 3144 dtus
495 3053 740 3146 τεσσαράκοντα
775 3055 834 3126 do'o
871 3058 998 3152 ἔγραψε
1028 3059 1155 3147 λόγους.
1206 3069 1267 3132 Sic
1314 3057 1316 3062 ’
1401 3059 1402 3136 i

154 3173 161 3188 ⁸
201 3165 320 3247 vulgo:
344 3162 402 3226 sed
426 3159 609 3246 Rehdiger.
652 3155 699 3226 κδ’
729 3158 853 3250 ἔγραφε
879 3160 974 3245 βίους
994 3167 1030 3240 (ἰ.
1054 3188 1082 3230 e.
1103 3161 1261 3248 βίβλους).

286 3265 450 3329 Videmus
466 3263 570 3348 igitur
587 3262 674 3328 huno
691 3264 812 3327 librum
824 3272 1042 3348 grammatica
1054 3277 1262 3352 quoquetra·

203 3371 295 3434 otata
321 3366 479 3430 habuisse
505 3372 604 3452 atque
633 3365 816 3430 referemus
838 3362 985 3468 eowillud
1007 3369 1049 3436 de
1060 3367 1194 3438 δέδοικα
1205 3373 1262 3438 Et.

197 3519 423 3550 m,

201 3621 237 3676 rii
268 3621 428 3684 annotatio,
464 3619 513 3688 qui
545 3620 573 3674 in
605 3628 660 3676 tam
692 3620 820 3676 intricato
846 3617 910 3676 loco
941 3621 1006 3676 sins
1030 3621 1116 3679 dubio
1141 3625 1260 3694 plurium

200 3706 349 3760 sententies
365 3705 502 3760 attulerat.
546 3737 567 3780 A

263 3809 287 3868 *)
304 3807 336 3860 ln
355 3806 449 3873 Schol.
466 3807 501 3873 Δ,
519 3809 569 3864 lou
585 3807 732 3861 Beirkerus
751 3809 937 3863 Alexandrum
946 3809 1130 3882 Cotyaensem
1149 3813 1258 3878 intelle-

194 3875 251 3949 xit't
275 3893 323 3946 sed
344 3891 502 3973 agnoscitur
525 3892 665 3992 itiyndius.
707 3893 940 3948 Faciieoccurrit
965 3895 1054 3962 etiam,
1072 3913 1132 3950 esse
1151 3899 1256 3954 hocex

194 3977 305 4049 Myndii
323 3993 358 4031 eo
375 3975 464 4042 libro,
489 3977 536 4045 qui
554 3977 703 4046 inscriptus
719 3987 779 4033 orat
795 3981 994 4053 πνρίπλουέ
962 4000 1007 4050 της
1022 3980 1140 4056 ἐρυθρᾶς
1156 3981 1257 4038 θαλάτ-

194 4079 252 4128 τιτι
270 4061 319 4120 sed
337 4063 391 4116 hoe
407 4059 497 4117 minus
513 4069 624 4118 certum.
