2786 4830
214 351 337 504 ‘ie

259 649 359 694 nuum
391 650 525 696 carmen
558 651 652 712 esse,
676 635 879 716 quamquam
905 629 963 695 liic
984 629 1058 694 illic
1080 630 1327 714 interpolatum,

260 735 428 798 constanti
467 733 609 820 quodam
647 733 790 798 consilio
830 736 1027 818 persecutus
1060 736 1150 796 erat:
1182 739 1328 796 attamen

259 832 350 900 bunc
376 839 484 919 ipsam
510 857 579 918 non
607 856 673 898 une
699 836 775 900 loco
802 835 993 901 desciscere
1020 854 1041 899 a
1066 853 1140 899 sese
1161 835 1328 918 intellige-

259 939 350 1019 bam,
380 943 418 1002 et
447 919 554 1022 quem'
579 937 731 1002 Graecae
758 937 891 1022 linguae
921 937 1068 1001 sciebam
1093 938 1328 1020 peritissimum

260 1035 352 1122 esse,
381 1061 456 1106 eum
482 1039 667 1104 identidem
696 1039 847 1105 Graecae
872 1041 1004 1126 linguae
1026 1045 1061 1104 et
1082 1041 1190 1104 veteri
1213 1039 1326 1122 epice-

259 1160 334 1208 rnm
361 1143 446 1206 meri
473 1145 539 1207 rim
567 1143 692 1206 afferre
721 1142 877 1206 videbam
906 1149 941 1206 et
961 1142 1106 1206 mirifice
1127 1141 1163 1206 in
1184 1139 1249 1204 hoc
1273 1161 1327 1224 ge-

257 1263 340 1310 nere
376 1265 528 1328 peccare.
583 1243 683 1321 Quod
716 1243 796 1308 huic
821 1243 956 1329 quidem
982 1245 1059 1308 viro
1081 1243 1238 1308 accidere
1260 1263 1327 1307 non

259 1355 406 1430 peterat,
439 1349 504 1410 nisi
533 1345 859 1431 falsae‘indulgcrat
886 1345 1054 1430 opinioni,
1083 1366 1150 1428 qua
1177 1344 1327 1410 devincti

260 1454 295 1512 et
327 1450 514 1533 praepediti
548 1468 723 1530 peccantes
756 1469 881 1512 omnes.
934 1449 982 1512 Et
1004 1462 1055 1511 est
1076 1467 1130 1512 res
1152 1446 1322 1530 proclivis.

259 1552 348 1618 Nam
378 1553 407 1616 si
441 1553 621 1636 particulas
648 1551 748 1615 medo
773 1552 940 1632 paululum
964 1550 1144 1629 deflectas,
1167 1553 1324 1634 quantum
1380 1567 1381 1594 ³

260 1655 448 1740 prefecisse
469 1653 644 1720 videbere!
678 1654 905 1737 Goettlingius
932 1673 1030 1737 quam
1052 1651 1193 1721 fluctuet
1212 1654 1324 1716 incer·
1379 1717 1381 1734 ⁴

259 1763 312 1819 tus
335 1758 394 1820 alii
418 1757 585 1820 dixerunt
636 1755 772 1821 Accidit
795 1755 932 1836 deinde,
960 1754 1067 1839 quod,
1096 1770 1171 1818 cum
1193 1775 1244 1818 me
1267 1754 1325 1817 de·

153 1897 156 1905 ν
259 1865 389 1926 terrere
421 1865 552 1942 posset,
585 1857 695 1922 denuo
729 1857 903 1922 excitavit.
959 1855 1106 1940 Scripsit
1136 1858 1260 1923 etenim
1283 1855 1323 1918 de

259 1962 326 2028 hoc
347 1960 733 2048 poemata-Hermaeum
755 1957 1037 2041 Goettlingianam
1057 1957 1238 2023 editionem
1249 1977 1324 2042 per·

260 2085 398 2130 censens
431 2062 556 2146 Opusc.
590 2063 632 2126 T.
660 2061 733 2137 V13
762 2063 967 2144 scripsitque
988 2060 1053 2125 hoc
1085 2060 1323 2143 medopam
1380 2045 1381 2082 ³

259 2191 324 2250 „ex
356 2166 438 2230 solis
466 2162 622 2234 frustulis
653 2161 721 2224 hoc
752 2183 886 2225 carmen
918 2167 1074 2226 constare
1102 2159 1322 2225 demonstrari

261 2293 325 2337 non
359 2265 490 2354 posse.“
545 2265 591 2326 st
622 2261 658 2325 id
690 2262 765 2326 sere
792 2263 978 2328 uoluerant.
1021 2260 1133 2329 Habet
1152 2262 1219 2326 hoc
1239 2263 1322 2327 Her·

260 2391 399 2439 mannus
422 2373 457 2430 ut
479 2364 551 2429 sive
571 2363 666 2427 dicat
686 2365 759 2428 slve
780 2370 896 2448 neget,
915 2365 1063 2452 mirifice
1074 2366 1219 2429 animum
1231 2371 1318 2430 tuum

262 2473 404 2542 excitari
427 2469 571 2547 sentias,
594 2486 657 2529 nec
677 2466 737 2528 ille
759 2467 885 2549 ingenii
906 2468 1053 2552 impetus
1074 2469 1165 2533 sinat
1185 2476 1220 2532 te
1233 2469 1320 2552 quie-

262 2591 367 2646 scere.
423 2569 591 2654 Spohnius
625 2588 700 2632 cum
732 2567 841 2633 adhuc
874 2571 1139 2635 constantissime
1160 2573 1318 2635 rationem

264 2701 352 2756 eam,
379 2675 469 2742 unde
495 2673 613 2756 egeln
636 2672 703 2751 alia
725 2671 838 2736 emnia
859 2671 1013 2750 discedo,
1041 2675 1147 2740 tuitus
1167 2675 1317 2738 videatur
1378 2741 1379 2744 Ἴ

263 2787 306 2851 ad
334 2768 427 2846 bunc
452 2778 596 2842 maxime
624 2774 824 2855 respiciam:
852 2775 965 2838 emnia
992 2776 1234 2841 resutareaen
1255 2774 1318 2856 pla·
1377 2763 1379 2838 l

264 2893 331 2964 cet,
362 2879 450 2966 quod
472 2876 609 2942 etmihi
632 2877 806 2939 molestum
829 2883 916 2939 esset
938 2883 972 2940 et
995 2879 1167 2944 molestius
1188 2876 1318 2960 legenti-

261 2993 339 3054 bust
369 3003 445 3048 nam
466 2969 521 3045 uel
545 2981 595 3042 sic
613 2984 752 3060 praeter
772 2984 1067 3044 moremnostrum
1090 2981 1182 3062 longi
1202 2979 1315 3043 suimus

263 3095 298 3156 in
321 3089 437 3159 rebus3
459 3086 496 3145 ut
518 3079 601 3144 mihi
622 3079 816 3158 videbatur,
838 3079 1041 3146 manifestis.
1088 3081 1154 3145 Sed
1179 3101 1233 3146 res
1251 3080 1316 3143 sor·
1377 3089 1378 3144 l

262 3196 343 3258 titer
364 3183 589 3272 aggredienda
610 3187 693 3247 erat.
742 3182 945 3246 Deliberant
966 3181 1210 3268 haecquidam
1231 3199 1314 3250 meae
1377 3163 1378 3174 ¹

262 3291 448 3378 sententiae
480 3285 617 3363 altinae,
656 3283 961 3365 ut'Thierschius,
994 3285 1216 3354 Welckcrns:
1248 3285 1314 3372 plus

212 3421 229 3484 j
263 3391 433 3482 praestitit
463 3389 499 3452 in
531 3388 666 3472 egregia
684 3389 976 3451 commentatione
1008 3388 1242 3469 Twcstenius,
1263 3383 1312 3450 sed

262 3503 392 3564 textum
423 3491 550 3574 ipsum,
583 3489 680 3573 quod
700 3494 771 3571 jam
803 3494 870 3552 tum
901 3489 1070 3555 intellexit
1101 3491 1312 3556 necessarium
1376 3495 1377 3546 ξ

262 3621 336 3664 esse
362 3599 411 3680 (p.
439 3597 490 3659 65.
515 3597 618 3675 sqq.),
642 3609 686 3653 ex
707 3591 892 3656 rationibus
913 3592 1001 3673 suis,
1032 3613 1053 3656 a
1074 3595 1311 3677 quibustamen

264 3701 349 3784 ipsis
368 3715 430 3761 nos
447 3695 656 3774 aliquantum
679 3691 899 3775 discedimus,
921 3693 1114 3760 describere
1137 3717 1203 3760 non
1224 3691 1311 3758 susti·

262 3803 347 3866 nuit.
393 3797 559 3881 Equidem
587 3801 728 3875 quantae
763 3813 817 3860 res
854 3797 900 3859 sit
926 3795 1019 3861 aleae
1044 3817 1108 3861 nec
1129 3801 1241 3864 nescio
1260 3809 1312 3858 nec
1375 3811 1376 3852 ι

265 3899 456 3968 dissimulo:
477 3897 536 3966 sed
559 3897 630 3960 ausi
653 3912 765 3961 sumus
786 3897 927 3982 aliquid,
950 3900 981 3964 si
1003 3899 1039 3962 in
1062 3906 1233 3985 utramque
1243 3912 1309 3981 par·

264 4012 333 4069 tem
355 4006 483 4065 textum
505 3999 699 4064 haberemus
721 3999 925 4085 descriptum
953 4006 989 4066 et
1009 4003 1118 4086 oculis
1139 4005 1307 4085 subjectum

263 4107 300 4174 id
322 4103 466 4169 maxima
486 4103 599 4168 studia
617 4103 840 4172 excitaturum
862 4109 897 4169 et
918 4103 961 4170 ad
981 4105 1159 4182 veritatem
1179 4101 1309 4171 efficien-
1374 4149 1375 4196 3

1319 4613 1322 4618 ·
