2806 4826
224 459 300 516 vm

226 645 427 742 πάπροφον
451 641 575 738 dixit,
601 638 749 720 erroris
781 651 939 742 quoque
977 663 1062 718 esse
1087 641 1314 726 nutricium.

225 769 311 864 His,
337 771 406 870 qni
430 763 636 844 libidinem
673 755 837 862 grassari
860 759 1076 856 clamitant,
1093 759 1097 770 '
1114 787 1316 864 perpauca

225 901 315 967 sunt
323 911 426 989 quae
434 884 578 964 referri
587 883 747 985 possint,
757 889 882 956 artem
892 880 1065 957 criticam
1075 883 1123 958 ad
1132 885 1322 962 duascer-

226 1010 388 1086 tissimas
422 1007 577 1108 regulos
616 1003 863 1104 dirigendum
894 1025 978 1078 esse
1003 1003 1178 1103 mihique
1203 1007 1320 1083 cordi

226 1130 346 1206 fuisse
367 1119 675 1227 ut'dirigercm,
700 1122 890 1198 rationem
917 1132 959 1198 et
983 1124 1233 1218 orationem
1246 1125 1319 1204 ubi
1371 1135 1375 1145 '

158 1332 160 1340 s
227 1275 330 1330 vero
353 1249 453 1327 ratio
479 1247 549 1342 sit,
576 1245 633 1320 ibi
659 1242 867 1319 libidinem
894 1243 1041 1320 nullam
1067 1243 1161 1321 esse.
1229 1255 1231 1262 ’
1328 1235 1335 1250 '

327 1368 465 1448 Restat
490 1365 597 1468 quod
623 1363 778 1439 nollem.
819 1362 1023 1466 Spitnneri
1049 1365 1145 1440 mihi
1170 1367 1318 1444 mentio

228 1491 443 1567 iniicienda
468 1499 551 1581 est,
577 1507 655 1560 non
689 1483 828 1560 hercle
866 1485 985 1562 ullam
1008 1485 1123 1560 aliam
1150 1487 1203 1562 ob
1228 1511 1319 1564 cau·

227 1637 326 1707 sam,
362 1630 476 1711 quam
509 1616 677 1709 propter
707 1629 819 1680 unam
846 1613 974 1680 notam
999 1605 1048 1681 ad
1074 1605 1118 1684 IL
1149 1615 1202 1696 Φ,
1228 1607 1320 1700 363,

101 1731 104 1738 ’
229 1755 309 1832 qua
347 1755 426 1806 non
459 1729 512 1804 de
538 1726 684 1802 litteris
708 1724 807 1799 meis
833 1723 959 1830 dixit,
985 1726 1056 1802 sed
1081 1717 1336 1816 voluntatem„

9 1916 19 1931 .
127 1915 129 1919 ,
229 1863 274 1926 et
299 1851 418 1924 fidem
440 1873 562 1923 meum
588 1847 631 1920 in
657 1843 920 1944 suspicionem
947 1871 1091 1924 vocare
1116 1874 1226 1925 ausus
1239 1859 1315 1922 est:

100 1996 108 2012 ·
230 1972 340 2076 turpi
366 1969 526 2069 quidem
551 1989 741 2042 successu.
794 1965 967 2041 Primum
981 1965 1048 2041 illa
1063 1967 1200 2065 legens
1213 1993 1323 2044 acer·

230 2091 319 2166 bins
357 2113 446 2164 cum
484 2114 532 2162 eo
567 2087 645 2161 hoc
682 2085 773 2162 loco
822 2108 942 2184 agere
986 2083 1202 2159 volueram:
1250 2088 1325 2181 sed

231 2211 335 2286 πάνθ’
361 2210 379 2283 ὃ
402 2214 508 2304 μέγας
527 2211 683 2304 μαραίνει
702 2205 840 2301 χρόνοςε
866 2202 1027 2282 remitto
1051 2215 1157 2276 'nunc
1171 2195 1330 2313 aliqui'tl

129 2345 137 2368 ‘
233 2334 286 2408 dc
323 2333 413 2406 iure
451 2356 539 2406 meo
579 2331 698 2402 docto
724 2329 834 2420 viro,
860 2349 976 2425 quem
1003 2322 1210 2398 honestum
1237 2349 1323 2400 esse

229 2450 371 2544 audio,
397 2449 548 2524 tristem
574 2471 658 2523 esse
685 2445 824 2539 video,
851 2443 961 2518 cuius
986 2465 1074 2518 cum
1108 2443 1327 2520 Praefatio-

131 2567 137 2576 ’
232 2596 323 2646 nem
359 2567 540 2670 legissem
577 2567 680 2642 illud
715 2563 1005 2642 Aristotelicum
1041 2561 1095 2636 de
1128 2563 1327 2665 Euripide

131 2741 140 2766 .
233 2691 276 2768 in
312 2715 399 2765 eum
432 2686 732 2763 transferebam:
760 2686 847 2760 ἀλλὰ
868 2681 1120 2778 τραγικώτααός
1143 2713 1184 2778 ys
1203 2686 1325 2780 φαίνε-

1 2837 2 2844 “
98 2857 101 2862 -
235 2839 308 2893 ται,
331 2809 362 2884 ai
381 2811 439 2881 καὶ
459 2812 502 2881 τὰ
525 2806 613 2882 ἄλλα
632 2811 680 2902 μὴ
703 2805 740 2880 εὗ
762 2813 978 2897 διοικονομαῖ.
1028 2805 1080 2882 llt
1105 2807 1327 2884 timendum

234 2931 331 3006 mihi
393 2929 504 3004 illinc
565 2917 644 3006 non
694 2927 814 3027 magis
879 2949 964 3002 esse
1024 2928 1152 3004 sentio
1211 2950 1327 3027 quam

237 3049 460 3128 Aristarcho
507 3075 613 3128 meo:
655 3073 820 3150 quorum
845 3056 1028 3127 neutrum
1064 3047 1270 3126 intellexit.
