2806 4826
1134 389 1183 467 11

119 617 227 684 geque
246 589 400 680 auperari
421 595 623 665 latronibus
639 614 754 668 eoram
777 593 916 676 habitis,
936 598 982 675 et.
998 591 1121 680 inquil,
1142 611 1186 658 ne

122 702 199 786 quis
232 705 324 782 putet
356 717 398 762 ex
431 699 579 782 scriptis,
612 717 698 784 quae
729 699 825 784 quasi
857 697 1019 782 quaedam
1049 696 1185 765 umbrae

51 793 54 798 ’
119 809 198 866 sunt
220 803 292 866 eius
313 800 486 866 doctrinae
505 801 756 884 reprehendar,
778 806 930 886 warnae
945 799 1113 884 cognitum
1125 795 1183 864 ha-

118 905 266 974 biturum
291 902 569 982 Μουρήναν).
594 892 598 902 ’

135 1071 144 1092 ‚
205 1007 361 1068 Attamen
379 997 554 1090 Ὁμηρικὴν
575 996 774 1092 συγγραφήν,
796 1023 893 1089 quam
915 1023 1011 1067 unam
1035 1017 1079 1072 ex
1100 996 1189 1064 scri-

120 1108 188 1192 ptis
213 1113 462 1196 ‚conrmeororat
485 1114 520 1170 et
542 1109 652 1192 ipsam
680 1128 745 1186 non
772 1127 838 1174 uuo
861 1106 959 1170 modo
982 1101 1186 1170 laudabilem

121 1231 195 1273 esse
218 1207 312 1272 dicit.
356 1207 440 1272 Sunt
461 1206 518 1272 isti
539 1211 613 1274 siue
635 1210 737 1275 dubio
758 1207 986 1284 commentarii
999 1203 1187 1284 Homerici,

121 1313 243 1394 quibus
267 1309 478 1394 Porphyrius
502 1331 582 1380 urus
600 1320 668 1379 est:
686 1312 844 1390 dicuutur
866 1301 1037 1395 ε’ξηγηττκὰ
1058 1312 1187 1392 quaest.

119 1413 222 1478 Hom.
245 1413 267 1480 7
290 1413 417 1488 (Schol.
438 1415 478 1495 Σ,
498 1414 591 1491 509);
615 1414 705 1498 quod
727 1436 793 1485 non
815 1413 959 1497 amplum
980 1411 1189 1476 rideturvo·

121 1515 234 1579 lumen
274 1511 399 1594 fuisse,
437 1516 466 1578 si
506 1515 587 1601 quid
627 1515 705 1580 inde
740 1515 1058 1600 concludipotese
1095 1507 1187 1595 quod

122 1617 166 1682 de
198 1617 274 1682 loco
306 1617 428 1681 Iliadis
458 1619 494 1690 Σ,
526 1618 596 1706 509Ὶ
621 1619 657 1680 in
685 1619 773 1683 libro
807 1617 954 1682 secundo
984 1617 1187 1698 exposuerat
1256 1619 1259 1634 '

118 1715 265 1802 (Porph.
294 1716 316 1782 l.
338 1717 388 1793 l.).
430 1717 593 1780 Prodidit
612 1717 670 1781 hic
691 1717 908 1804 Porphyrius
930 1716 1116 1784 Alexandri
1135 1715 1188 1778 in-

119 1819 405 1902 terpretationem
439 1815 511 1906 loci>
554 1817 801 1898 irnpeditissimi
846 1818 888 1882 de
931 1819 1013 1883 urbe
1051 1819 1190 1882 obsessa

121 1920 164 1986 iu
191 1917 338 1986 Achillis
366 1917 496 2002 clypeo.
540 1915 637 1995 Quae
670 1937 829 2002 perversa
860 1923 914 1982 est
943 1919 1190 2001 interpretatio.

116 2021 181 2086 Sic
217 2022 252 2084 in
291 2017 358 2088 hoc
391 2039 424 2084 v.
458 2023 521 2084 513
554 2011 586 2082 oi
626 2011 657 2080 δ’
690 2009 787 2082 οὕτω
818 2013 990 2093 πείθοντο,
1044 2014 1130 2104 λόχῳ
1162 2017 1192 2082 δ’

118 2112 402 2205 ὑπεθωρήσσοντο
429 2120 558 2206 duplex
589 2121 775 2194 subiectum
803 2141 878 2196 esse
906 2121 998 2202 vult,
1034 2133 1071 2183 ut
1097 2119 1193 2202 priua

120 2225 260 2297 yerbuni
273 2223 315 2285 de
336 2224 493 2306 obsessis,
515 2224 654 2287 alterurn
677 2221 720 2284 de
742 2222 970 2287 obsidentibus
992 2221 1189 2306 accipiatur.

121 2325 310 2390 Verissime
337 2323 379 2388 de
405 2307 482 2389 tota¹
503 2325 574 2398 eius
602 2325 880 2408 interpretatione
902 2321 1117 2409 Porphyrius
1137 2324 1192 2388 iu-

124 2427 235 2492 dicat:
266 2421 354 2490 ἔστιν
375 2417 568 2511 ἐλεγχόντων
588 2422 645 2490 τὸν
665 2420 805 2518 ποιητὴν
825 2421 871 2509 μὴ
899 2418 1079 2508 (δυνάμενον
1106 2418 1191 2514 φρά-

130 2526 195 2608 ζειν
218 2520 401 2613 ἀταράχους.

211 2648 300 2712 ltem
328 2645 483 2728 respexit
511 2643 603 2713 hanc
635 2644 862 2718 Alexandrum
897 2645 934 2718 iu
963 2643 1041 2711 loco
1076 2647 1114 2720 T,
1147 2645 1193 2710 79

1 2809 2 2812 ,
127 2733 284 2824 ἑσταότος
309 2744 369 2828 μὲν
380 2744 476 2810 καλὸν
487 2737 625 2821 ἀκούειν,
649 2739 727 2812 οὐδὲ
737 2743 844 2818 ἔοικεν
855 2738 1029 2827 ὑββάλλειν
1051 2745 1190 2824 Quaest.

1 2863 2 2868 ’
123 2851 224 2916 Hom.
247 2851 290 2916 24
312 2848 440 2928 (Schol.
464 2845 497 2915 h.
519 2848 569 2927 1.).
592 2849 661 2916 Ηίο
681 2847 816 2934 quidem
837 2845 923 2932 nihil
944 2846 1043 2912 habet
1064 2849 1099 2912 in
1122 2869 1192 2912 ura-

1 2971 2 2996 ³
125 2954 193 3018 lam
205 2960 335 3035 partem
348 2951 581 3020 memorabile:
597 2971 680 3016 vera
696 2950 827 3033 quidem
842 2949 1024 3032 explicatio
1038 2959 1190 3014 noneste

128 3055 188 3120 sed
208 3053 296 3124 huuc
313 3054 432 3127 locum,
445 3053 480 3116 ni
491 3052 603 3134 fallor,
616 3073 712 3118 nemo
725 3052 918 3134 explicabit.
933 3087 973 3098 —
985 3050 1034 3127 N,
1056 3055 1119 3117 358
1141 3047 1194 3116 rei

123 3155 155 3222 d'
182 3151 293 3242 ἔριδος
320 3155 475 3240 κρατερῆς
495 3151 550 3218 καὶ
571 3146 704 3237 ripatico
724 3149 888 3235 πολέμοιο
901 3155 1029 3238 Ιπεῖραρ
1050 3146 1194 3218 ἐπαλλά-

125 3255 238 3335 ξαντες
259 3249 312 3332 in?
338 3249 558 3348 ἀμφοτέροισι
578 3248 755 3332 τάνυσσαν,
782 3256 853 3329 (ubi
875 3254 954 3320 item
977 3253 1194 3339 Porphyrius

125 3360 264 3426 videtur
290 3378 384 3442 esse,
413 3359 473 3447 qui
493 3360 566 3430 eiua
586 3359 833 3428 annotationem
864 3359 1088 3438 seruauit)**)
1109 3357 1194 3426 bene

195 3629 220 3692 *l
238 3645 265 3698 r·
282 3631 352 3699 m.

197 3717 239 3778 ”l
258 3715 296 3768 Ut
315 3717 353 3780 Τ,
371 3717 404 3772 79
416 3713 570 3770 Alexandri
587 3715 740 3788 explicatio
758 3715 785 3772 in
803 3715 867 3773 cod.
885 3715 919 3772 Α,
936 3712 1196 3768 seorsum-exhibe·

126 3806 188 3864 tur,
210 3815 283 3868 quae
304 3807 392 3858 tamen
410 3811 542 3868 excerpta
558 3810 600 3856 est
617 3819 653 3856 ex
671 3802 869 3875 Porphyniana
884 3811 949 3857 nata
966 3799 1026 3853 cod.
1043 3797 1084 3866 B,
1106 3797 1149 3854 aie
1167 3799 1197 3853 h.

1 3929 2 3944 ,
127 3891 150 3938 t.
167 3885 267 3938 lactum
285 3885 408 3940 videtur:
436 3885 591 3953 ecquidem
608 3902 731 3944 seorsum
749 3897 883 3957 excerpta
899 3885 1052 3954 explicatio
1071 3884 1196 3940 auxan-

128 3967 174 4022 dfl
198 3972 236 4037 (p-
262 3972 323 4028 368.
349 3986 376 4023 a.
401 3973 437 4038 Β),
458 3987 587 4034 seersum,
603 3971 693 4042 ipsius
715 3971 870 4042 Porphyrii
890 3971 1100 4033 libaturam
1117 3970 1196 4036 haec,

129 4067 200 4127 qaae
216 4054 416 4126 praescriptum
433 4056 516 4114 habet
532 4059 706 4134 Πορφυρίου,
723 4073 778 4114 non
796 4066 837 4114 est
854 4055 982 4126 prolecto
1000 4067 1058 4115 tatu
1064 4053 1198 4126 Porphy-
