2774 4824
1108 402 1160 479 93

85 604 205 687 suerit,
225 604 394 690 quatenus
415 599 557 670 raritati
579 599 799 685 respondeat,
822 602 987 686 quatenns
1008 602 1162 686 dissonet

85 717 117 776 ct
148 707 316 792 exemplis
349 711 383 775 et
415 704 601 773 rationibus
630 705 767 770 illorum
797 704 978 788 diligenter
1006 709 1159 774 collectis

84 809 232 881 eiiicere.
285 807 355 875 Sed
381 807 424 872 ad
446 805 605 884 hoedum
627 811 663 872 ct
684 808 795 890 ampla
816 808 1054 874 dissertatione
1075 829 1160 894 opus

81 925 142 978 est.
197 913 261 978 Est
287 912 345 976 ubi
373 909 509 994 egregie
538 915 574 974 et
596 929 638 972 ex
658 908 777 974 intimo
801 909 931 980 Graece
952 911 1159 996 loquentium

79 1035 181 1082 sensu
202 1015 246 1078 de
267 1011 332 1078 hae
353 1033 390 1078 ro
412 1016 693 1092 commentantur,
715 1018 753 1075 ot
773 1011 1092 1098 ApolloniosDyso.
1116 1011 1160 1077 de

15 1181 17 1188 ,
81 1117 158 1185 adr.
184 1119 269 1198 517,
290 1117 351 1198 25,
374 1121 442 1196 est,
460 1134 524 1180 nec
546 1132 627 1178 raro
649 1118 720 1194 est,
743 1113 801 1178 nbi
823 1119 941 1180 contra
965 1117 1113 1182 ridetur.

29 1313 34 1322 .
167 1252 269 1330 Quod
296 1250 340 1318 ad
362 1255 534 1317 noeentum
556 1247 844 1334 praepositionum
865 1252 1008 1332 attinet,
1030 1251 1161 1317 refere-

80 1357 136 1420 bat
158 1375 195 1420 se
217 1357 292 1420 sine
313 1353 417 1418 dubio
439 1352 656 1419 Herodianus
678 1351 724 1416 ad
745 1355 932 1436 composita
953 1355 1015 1418 illa
1035 1348 1158 1441 ἐπαρᾶ,

78 1450 313 1539 ἐπιβουκόλος,
334 1449 459 1542 ἐπιῆρα
480 1454 545 1532 (sic
566 1456 715 1520 scribere
737 1454 896 1522 debebam
907 1457 1012 1522 Arist.
1034 1479 1067 1542 p.
1080 1457 1159 1530 118)

78 1563 112 1623 et
144 1558 292 1640 similia,
320 1575 406 1640 quae
438 1574 514 1618 cnm
535 1553 641 1619 nihilo
669 1554 744 1622 fere
773 1557 890 1624 addita
910 1560 1160 1642 praepositione

78 1658 242 1728 dicantur
275 1653 526 1739 significantius
557 1675 624 1718 non
655 1663 787 1720 mutant
817 1667 991 1726 accentum
1020 1662 1159 1738 exlege

77 1760 358 1842 compositorum.
402 1751 505 1834 Qnod
528 1756 665 1819 minime
686 1756 729 1821 de
750 1750 858 1823 nihilo
878 1779 953 1828 esse
975 1779 1018 1824 ex
1038 1763 1159 1828 adie-

75 1863 292 1926 ctivorum
329 1857 592 1942 compositorum
633 1877 702 1924 non
743 1865 887 1928 accentu
918 1866 1065 1944 tantum,
1096 1863 1159 1930 sed

74 1965 183 2032 etiam
204 1962 353 2064 motione
380 1960 608 2044 cognoscitur.

574 2144 602 2230 a.
625 2145 657 2212 o.

162 2297 441 2386 Praepositiones
462 2297 644 2365 verborum
667 2299 836 2384 potestate
857 2299 961 2388 positi
982 2307 1158 2374 accentum

75 2393 263 2470 retrahunt.
306 2402 436 2468 Herod.
458 2401 515 2466 Jo.
537 2401 591 2466 ΑΙ.
614 2421 647 2486 p.
669 2403 723 2469 ⁸28.
746 2404 787 2468 ll.
809 2403 863 2482 A,
886 2408 960 2473 174.
1006 2412 1055 2490 Φ,
1079 2413 1154 2491 110,

78 2507 135 2572 ahi
158 2527 206 2574 ex
225 2506 399 2572 variorum
420 2509 599 2570 armorum
621 2503 763 2570 scholiis
784 2505 827 2572 de
849 2507 1070 2591 Aristarcho,
1091 2511 1156 2576 Ni·

77 2613 131 2674 cia
159 2621 194 2672 ot
221 2607 394 2674 Nicanore
420 2624 477 2670 res
497 2609 620 2670 testata
640 2604 712 2670 fiet.
765 2607 877 2690 Apoll.
899 2609 966 2673 lex.
990 2630 1016 2674 s.
1040 2607 1099 2676 ἔπι
1121 2617 1157 2676 ot

77 2705 181 2796 πάρα.
225 2708 439 2794 Epimerism.
462 2705 573 2771 cram.
595 2706 622 2772 1.
645 2707 825 2792 aliquoties
846 2711 908 2776 sub
929 2713 1156 2796 praepositio.
1223 2779 1228 2796 .

78 2812 190 2892 nibus,
220 2829 252 2876 v.
284 2809 431 2890 maxime
452 2831 484 2894 p.
507 2812 581 2876 362.
625 2809 724 2874 Enst.
746 2830 779 2891 p.
801 2811 845 2876 75
866 2812 912 2876 in.
935 2812 1030 2878 Max.
1052 2813 1152 2882 Plan.
1175 2847 1178 2854 =

77 2910 214 2978 Baehm.
243 2933 276 2995 p.
299 2913 353 2977 37.
406 2911 582 2977 Caeterum
605 2930 648 2976 ex
669 2911 804 2976 illorum
828 2913 982 2981 doctrina
1002 2915 1053 2980 sio
1075 2937 1154 3002 pro·

77 3015 163 3081 latae
193 3011 462 3097 praepositiones
487 3005 641 3078 λείπουσι
661 3004 799 3098 ῥήμασι,
829 3013 874 3078 of.
889 3017 1052 3100 ‚Apollom
1073 3019 1151 3101 adr,

77 3115 153 3199 nio,
176 3117 232 3184 33.
261 3117 349 3181 coni.
371 3118 444 3184 500.
467 3121 561 3200 synt.
582 3117 622 3182 6..
646 3114 689 3192 [v.
712 3135 754 3202 φ,
775 3117 818 3183 93
839 3115 992 3203 Theogn.
1015 3120 1096 3200 66.].

160 3251 232 3317 Sed
262 3252 365 3318 etiam
393 3251 451 3316 ubi
478 3270 545 3315 non
569 3251 801 3318 omissumesl
822 3247 893 3319 east
913 3254 967 3319 vel
990 3247 1068 3332 εἶσί,
1091 3256 1154 3320 sed

79 3353 246 3438 seqnitur,
278 3360 318 3418 ut
345 3345 439 3438 πάρα
460 3348 524 3442 γὰρ
545 3347 626 3419 θεοί
646 3347 711 3420 εἶσι
731 3349 788 3420 καὶ
808 3345 901 3440 ἡμῖν,
924 3354 1013 3420 hunc
1034 3377 1152 3422 acoen-

78 3456 163 3537 tum,
186 3476 285 3538 qoem
307 3449 612 3538 incompositione
635 3455 776 3536 habent,
802 3464 947 3520 servant.
986 3456 1075 3522 Nam
1096 3479 1151 3523 re·

76 3551 185 3640 liqnae
208 3555 477 3642 praepositiones
497 3557 546 3622 ita
566 3557 718 3641 prolatae
738 3576 800 3640 por
820 3556 941 3621 tmesin
967 3562 1005 3622 ut
1028 3558 1151 3626 deinde

77 3666 233 3740 sequatur
253 3661 410 3740 verbnm,
432 3677 527 3724 soora
553 3677 688 3742 gravem
718 3663 870 3741 servant,
898 3651 995 3742 qoem
1022 3656 1147 3728 hahent

77 3756 109 3824 io
131 3759 385 3843 compositione,
407 3763 444 3826 ot
465 3757 549 3826 κατὰ
570 3761 691 3848 ταῦρον
713 3753 847 3844 ἐδηδώς,
869 3756 947 3824 κατὰ
965 3762 1048 3843 βοῦς
1064 3753 1149 3829 Ὑπ-
1202 3766 1208 3790 ¹

79 3852 200 3943 eplovoc
227 3851 364 3948 ἤσθιονε
396 3862 458 3930 sed
486 3882 571 3948 quae
608 3881 683 3928 eom
721 3862 825 3927 verbo
866 3855 932 3944 εἶμι
963 3867 1150 3948 composita

78 3967 207 4052 eentum
237 3963 273 4030 io
296 3965 405 4048 prima
425 3962 567 4045 habent,
597 3967 735 4030 servant
755 3962 845 4028 hunc
865 3965 923 4036 obi
945 3985 1006 4050 per
1026 3970 1149 4032 tmeein
1221 4045 1228 4056 „

79 4065 220 4132 evenho
242 4067 452 4134 substantivo
474 4066 643 4134 disiuncta
664 4071 926 4152 praeponuntur.
964 4067 1148 4136 Haecinse
