2806 4826
260 440 293 522 d

987 570 991 602 Ι

261 637 423 724 Delphini
449 638 618 710 amormus
646 635 854 712 historiolam
891 635 943 704 rio
971 655 1112 712 exorere
1136 639 1225 707 erate
1241 634 1324 718 „rol
1354 633 1356 640 ’

261 736 360 820 αὐτὸς
386 744 414 808 d'
444 732 502 808 οὖν
533 731 622 809 ridor
647 736 725 827 περὶ
749 733 965 826 Δικαιαρχίαν
986 775 1023 790 ..
1047 739 1150 814 (Geli.
1172 739 1255 819 vll,
1276 740 1322 816 8).

261 845 309 910 Et
335 845 471 910 viderat
497 845 572 908 sine
600 841 702 916 dubio
725 843 846 921 multa,
875 843 935 926 qui
955 842 1074 906 multas
1097 847 1207 912 terras
1228 841 1322 906 uide·

260 955 330 1029 rat,
359 945 459 1010 homo
482 947 651 1013 curiosus:
674 949 822 1012 attamen
842 943 919 1020 iam,
941 944 1078 1027 opinor,
1106 945 1191 1014 satis
1210 943 1323 1026 cogni-

260 1055 332 1112 tum
360 1048 518 1114 habemus
547 1047 636 1114 laune
662 1047 912 1121 ventilatorem,
938 1065 1002 1108 neo
1032 1045 1220 1127 putabimus
1244 1045 1323 1108 reli·

260 1151 353 1234 gioni
382 1152 415 1216 ei
440 1151 546 1216 fuisse
568 1168 801 1230 nonnunquam
823 1148 922 1210 etiam
945 1147 1119 1211 oculorum
1140 1154 1174 1214 et
1194 1147 1324 1210 aurium

261 1272 395 1317 suarum
417 1253 650 1320 auctoritatem
673 1250 837 1328 ementiri,
858 1255 896 1316 ut
917 1247 960 1316 de
981 1268 1017 1312 se
1039 1249 1112 1335 ipse
1130 1249 1324 1332 loqueretur

262 1361 297 1420 et
311 1374 351 1418 eo
368 1356 471 1435 magis
487 1353 531 1418 ad
542 1352 796 1417 admirationem
809 1351 953 1432 erigeret
963 1350 1169 1420 audientium
1183 1353 1323 1418 animoa.

261 1455 321 1520 Sic
348 1456 390 1520 de
420 1456 499 1520 ludo
528 1452 752 1533 calculorum,
784 1473 849 1541 quo
879 1458 1016 1519 utuntur
1037 1454 1130 1534 proci
1153 1453 1189 1518 ‘ru
1209 1450 1323 1537 Odys·

167 1605 170 1614 ,
262 1577 335 1637 sea,
372 1559 432 1624 illa
461 1557 571 1640 lepide
593 1554 718 1620 callida
746 1554 938 1640 profereus,
965 1573 1004 1618 se
1030 1555 1141 1638 qualis
1163 1553 1267 1618 luerit
1289 1555 1324 1618 iu

260 1659 335 1741 ipsu
357 1659 474 1723 Ithaca
495 1659 672 1722 aCtesone
693 1656 829 1720 audisse
851 1657 1030 1726 enarrabat
1050 1655 1215 1729 (sivefuit
1235 1654 1328 1732 liba·

262 1781 322 1826 cae
350 1765 422 1825 sive
451 1781 518 1825 aon
543 1759 627 1838 fuit,
654 1760 727 1824 sive
754 1757 863 1826 audiit
889 1759 963 1830 sivo
983 1779 1049 1822 non
1071 1758 1203 1834 audiit).
1245 1757 1325 1828 Nou
1394 1757 1395 1818 ξ

259 1864 354 1928 novit
375 1862 494 1945 vulgus
517 1861 704 1942 hominum,
725 1881 787 1924 neo
808 1859 889 1942 quid
912 1859 1013 1924 hodie
1035 1857 1098 1922 fiat
1118 1861 1324 1940 observavit,
1394 1882 1395 1920 1

262 1965 321 2046 qui
355 1953 438 2028 talia
459 1963 714 2028 admirationem
748 1968 780 2024 et
813 1962 965 2045 plausum
996 1964 1150 2026 excitare
1181 1967 1216 2026 et
1241 1982 1323 2028 vero
1393 1957 1395 1996 ³

260 2067 360 2128 etiam
399 2065 499 2128 fidem
539 2065 700 2142 iuvenire,
734 2064 886 2146 quamvis
918 2063 987 2130 siut
1017 2064 1148 2137 inania,
1182 2064 1323 2134 dubitet.
1393 2077 1395 2110 ³

260 2168 371 2248 Apion
392 2165 526 2250 quidem
548 2164 746 2247 prudentior
767 2171 841 2232 orat
867 2168 901 2228 et
928 2164 1010 2228 iliud
1039 2165 1158 2246 vulgus
1185 2173 1325 2231 uouerat

258 2267 387 2333 malias.
436 2267 483 2330 Et
510 2266 574 2328 hoo
602 2286 700 2332 unum
725 2271 880 2334 testatum
902 2265 1048 2346 taceret,
1077 2269 1146 2338 nisi
1165 2269 1250 2332 satis
1273 2289 1326 2334 su-

259 2389 383 2452 perque
405 2367 622 2461 undeonaque
645 2366 804 2445 eluceret,
833 2387 875 2434 nr
896 2365 963 2432 boo
985 2369 1121 2452 quidem
1138 2369 1324 2452 Josephum

258 2471 348 2532 ultra
370 2469 405 2530 id
426 2467 518 2550 quod
539 2487 654 2530 verum
677 2475 730 2532 est
752 2466 891 2566 dixisse,
914 2490 990 2535 eum
1010 2467 1125 2558 „mopsi
1148 2465 1324 2537 radaroadr

257 2565 332 2651 βίον
353 2562 538 2653 ὂχλαγωγὸν
559 2563 745 2654 papora‘rorr“
765 2579 884 2634 contra
899 2572 963 2654 Ap.
985 2573 1033 2652 11,
1058 2579 1087 2637 l.
1119 2573 1229 2640 Multo
1259 2597 1324 2640 me-

150 2727 154 2732 .
258 2673 325 2736 lius
352 2670 498 2734 bominis
521 2671 696 2752 imaginem
721 2672 961 2755 percipiemus,
989 2677 1045 2737 ubi
1068 2696 1142 2743 eum
1164 2697 1230 2740 nou
1254 2685 1322 2742 tam
1392 2751 1393 2758 p

195 2824 209 2853 ,
257 2773 459 2840 scribentem
481 2770 692 2855 (quamquam
716 2773 801 2838 idem
824 2794 894 2837 mos
917 2782 951 2838 et
972 2778 1107 2842 eaedem
1129 2781 1253 2862 partim
1270 2799 1322 2843 res
1392 2811 1393 2822 κ

100 2861 104 2880 ’
183 2915 185 2921 s
258 2874 444 2944 transibant
465 2873 500 2936 in
522 2876 662 2956 aoripta)
684 2869 782 2958 quam
804 2876 847 2940 ad
869 2877 1052 2959 auditores,
1075 2889 1113 2950 ut
1133 2882 1248 2946 iacere
1270 2901 1323 2944 so·

258 2975 358 3055 lebat,
382 2973 424 3038 de
445 2974 594 3040 Homero
606 2976 846 3044 declamantem
859 2985 892 3043 et
901 2980 1084 3046 Homerum
1094 2978 1320 3067 adplicantem
1390 2960 1391 2974 ³

261 3075 427 3159 fingimus.
476 3078 611 3142 Etenim
641 3076 685 3152 ad
708 3077 773 3140 hoc
792 3086 896 3146 totam
919 3080 1094 3146 Graeciam
1118 3086 1321 3167 peragravit.
1391 3155 1392 3162 χ

256 3177 349 3256 (Sea.
383 3199 435 3266 ep.
468 3179 554 3257 88).·
581 3178 660 3244 Jam
687 3179 795 3244 oeulis
821 3184 904 3250 mais
930 3185 1031 3250 rideo
1058 3185 1224 3253 bominem
1256 3187 1324 3251 boo

256 3281 358 3343 modo
380 3281 639 3348 declamantemz
668 3281 871 3358 „Homerum
901 3289 1044 3369 utraque
1070 3291 1211 3352 materia
1239 3309 1321 3352 oon-

256 3387 430 3464 summata,
449 3381 606 3466 Odyssea
628 3389 661 3446 et
672 3382 791 3464 Iliade,
815 3386 1013 3469 principium
1036 3389 1201 3456 adiecisse
1221 3391 1321 3473 operi

255 3503 334 3563 suo,
356 3505 422 3567 quo
444 3485 565 3550 bellum
580 3484 765 3557 Troianum
786 3487 981 3569 complexus
1002 3492 1087 3554 est.“
1129 3491 1177 3562 Et
1198 3490 1321 3570 „buius

255 3589 307 3656 rai
327 3595 553 3674 argumentum
574 3587 780 3670 afferentem,
802 3589 893 3672 quod
913 3591 1000 3658 duas
1016 3592 1146 3658 litteras
1162 3594 1198 3656 in
1212 3594 1321 3676 primo

256 3707 357 3752 uersu
379 3691 547 3772 posuisset
567 3707 611 3753 ex
631 3689 800 3768 industria¹
818 3691 979 3756 librorum
1001 3713 1135 3758 suorum
1147 3715 1320 3766 numerum

255 3792 494 3861 continentem
523 3785 604 3888 Ἑρ.
632 3789 706 3861 ΜΗ
732 3791 756 3860 i.
784 3812 812 3860 e.
840 3791 1054 3875 mltis).
1092 3798 1234 3882 Stupent
1261 3817 1321 3866 au·

254 3974 476 3999 Μ

194 4068 201 4094 ⁸
319 4095 344 4158 *l
360 4093 423 4155 ilos
443 4095 569 4160 sorerem
582 4093 695 4161 *Seuera
712 4095 732 4156 t.
755 4096 777 4154 l.
799 4096 884 4158 autur
900 4097 1077 4171 imperiosior
1095 4100 1187 4174 Apion
1207 4133 1238 4148 -
1256 4101 1319 4158 aie-
1388 4135 1389 4138 =
