2806 4826
213 420 267 498 tt

215 617 412 706 Apollonias
432 613 696 696 tonsorato
705 614 914 684 amantio
934 618 1012 682 snat
1033 611 1272 699 ἐπακουσομένα

215 723 336 808 perdo·
357 720 420 786 sod
440 720 606 805 quomodo
623 714 1049 786 oiirodaeoretuioriotnoa
1070 719 1181 800 video,
1202 721 1270 786 nisi

215 815 291 888 οἶκα
304 823 637 907 metaplasmumesse
657 823 817 909 potabant
838 826 877 890 ut
896 819 997 912 φύμα,
1018 819 1062 886 de
1083 842 1151 906 quo
1171 827 1274 888 antea

214 927 343 992 dictum
364 930 416 994 est
428 928 471 1006 9.

571 1133 594 1232 ἣ
624 1042 784 1230 “finci
799 1138 912 1214 iord.

297 1263 375 1330 Hoc
404 1261 484 1331 ideo
514 1285 580 1330 ιισιι
611 1264 817 1331 intellectam
848 1268 919 1346 est,
941 1262 1031 1350 quod
1053 1279 1192 1350 prorsas
1213 1264 1276 1330 ab·

213 1364 332 1431 horret
369 1386 391 1432 a
426 1369 541 1434 nostra
577 1366 826 1433 consuetudine.
868 1418 873 1426 ,
901 1366 944 1431 ld
976 1373 1088 1432 autem
1119 1371 1172 1431 est
1212 1365 1277 1446 aii,-

213 1467 313 1553 qoid3
335 1489 402 1554 quo
424 1469 460 1533 io
485 1466 539 1533 his
560 1468 809 1553 quaestionibus
834 1468 939 1534 facile
960 1469 1069 1554 caligo
1089 1468 1279 1534 offunditur
1401 1529 1402 1532 ,

212 1570 329 1635 oculis.
371 1569 520 1636 Nostrae
540 1569 785 1652 consuetudini,
807 1591 894 1656 quae
915 1577 1163 1656 saepenostra,
1176 1590 1279 1654 saepe
1401 1641 1402 1648 μ

211 1668 480 1756 Byzantinorum
507 1677 576 1754 est,
608 1672 658 1736 ita
683 1671 965 1756 inhaerosoimue,
992 1679 1031 1739 ut
1051 1673 1278 1740 vetustiorum
1401 1683 1402 1752 ξ

210 1781 393 1859 praecepte
418 1776 641 1842 intermortua
673 1781 709 1838 et
742 1775 881 1841 dissona
901 1776 1057 1842 doctrina
1077 1776 1196 1840 innixa
1216 1794 1278 1860 pa·
1401 1765 1402 1814 i

210 1876 335 1941 tiomor
360 1879 457 1944 nobis
479 1898 498 1943 o
519 1877 670 1944 manibus
691 1875 790 1942 elabi.
834 1878 928 1942 Hine
943 1879 1073 1962 opinor
1093 1878 1279 1962 Spitzoero
1401 1835 1402 1890 3

211 1981 376 2046 accidisse
412 1982 468 2058 (ΙΙ.
502 2001 577 2046 exc.
612 1979 691 2056 IL),
727 1985 765 2042 ut
798 1986 950 2047 veterum
972 1981 1168 2050 sententiam
1190 1968 1279 2065 δσῆ

210 2077 312 2163 θέμις
332 2077 404 2148 ἐστι’
424 2087 459 2146 et
478 2078 536 2168 ἥτε
564 2078 665 2162 θέμις
695 2073 768 2146 ἐστι’
787 2101 855 2146 non
877 2083 1101 2166 perspiceret,
1122 2081 1278 2164 quamvis
1401 2085 1402 2096 ¹

129 2201 131 2210 ·
208 2183 384 2264 Apollonii
419 2181 566 2267 Dyscoli
596 2182 672 2247 loco
707 2187 877 2264 uteretur,
917 2182 959 2248 de
991 2184 1066 2250 adr.
1097 2183 1177 2264 659,
1183 2225 1185 2228 -
1205 2201 1277 2265 quo

207 2284 283 2364 ipso
309 2285 384 2350 loco
409 2285 527 2350 videro
555 2285 639 2348 ticet
665 2287 867 2360 clarissime,
893 2285 995 2352 illis
986 2306 1021 2350 ιιι
1035 2283 1107 2356 tac
1129 2283 1280 2350 formula

207 2378 231 2470 ἥ
252 2379 327 2449 ot‘'
306 2407 362 2468 ηισ
383 2387 549 2452 adverbia
570 2387 687 2470 fuisso,
711 2407 797 2474 quae
817 2391 1057 2472 componerent
1079 2406 1153 2450 oum
1175 2379 1219 2462 ὥς
1241 2389 1279 2450 et

210 2480 360 2566 δι’ςνε**).
402 2490 450 2555 Et
470 2487 560 2556 idom
581 2491 700 2556 inost'
688 2511 725 2558 ιιι
748 2489 1062 2574 locoEtymologici
1083 2487 1132 2554 Μ.
1155 2509 1186 2571 p.
1199 2489 1279 2569 rto,

209 2608 306 2672 quem
337 2590 420 2655 item
445 2593 508 2664 vir
538 2593 658 2658 doctos
690 2591 861 2672 adhibuit,
889 2591 988 2660 modo
1016 2591 1171 2656 attendas
1191 2587 1280 2654 haee

208 2691 295 2774 ipsis
321 2714 426 2776 paene
453 2694 568 2762 verbis
588 2715 634 2760 ex
654 2694 837 2779 Apollonio
858 2691 998 2758 fluxisse
1013 2698 1055 2758 ot
1076 2712 1138 2776 pro
1159 2713 1180 2774 η
1165 2679 1280 2754 ubi.

209 2814 275 2874 que
295 2797 509 2862 scribendum
530 2817 604 2862 osse
625 2787 647 2882 ἢ
668 2803 705 2863 ot
725 2796 811 2861 haec
834 2795 935 2860 verbo
958 2786 1107 2872 ὀξύνεται
1128 2783 1202 2878 δρα.
1213 2792 1281 2858 σοῦ

209 2884 254 2970 dig
280 2888 459 2964 δνιίκειιαὶ
485 2895 524 2964 οδ
552 2887 575 2982 ἦ
602 2899 652 2963 ita
680 2898 886 2964 emendanda
913 2915 986 2962 esse
1007 2885 1189 2979 δξυνομὲνῳ
1209 2883 1281 2978 δρα

208 2997 256 3082 τῷ
282 2993 327 3075 ὥς
353 2991 627 3088 ἆνσιπαρᾶκσισαι
653 2997 693 3066 τὸ
720 2994 742 3086 ἥ
769 3000 816 3078 (v.
843 2998 1000 3082 Apollon.
1027 3017 1059 3064 v.
1092 2998 1158 3074 12).
1206 2993 1281 3060 Sed

210 3105 289 3162 sunt
317 3107 493 3185 praeterea
514 3102 710 3168 testimonia
732 3102 775 3164 do
796 3099 1003 3166 Herodiano.
1046 3099 1083 3164 ls
1104 3099 1148 3162 ad
1168 3095 1207 3162 ll.
1229 3097 1280 3178 Β,

210 3201 252 3290 73
278 3202 329 3265 sio
349 3203 487 3268 scribit·
514 3195 545 3286 ἡ
564 3200 666 3286 θέμις
692 3197 776 3281 ἐστι’)
802 3201 841 3270 τὸ
870 3193 890 3284 ἡ
918 3197 1110 3267 δασυντέον·
1146 3191 1187 3264 οὗ
1208 3192 1280 3284 γάρ

210 3297 280 3367 ἔστι
307 3296 494 3387 σύνδεσμος,
523 3298 590 3369 ἀλλ’
620 3301 840 3388 ἰσοδυναμοῦν
867 3303 929 3388 σῷ
937 3295 982 3381 ὡς
1003 3296 1177 3391 ιπίρῥημα.
1220 3299 1280 3364 td

210 3402 239 3484 1,
263 3397 370 3472 134‘
351 3430 371 3488 η
399 3403 500 3488 θέμις
530 3400 731 3494 ἀνθρώπων)
760 3403 800 3470 τὸ
821 3397 842 3490 ἡ
864 3402 902 3470 σδ
925 3404 1058 3492 πρῶτον
1079 3396 1280 3468 δασυντέον·

210 3497 281 3571 ἐστι
306 3500 369 3596 yde
395 3502 613 3595 ἰσοδυναμοῦν
638 3509 686 3598 σῷ
714 3500 777 3590 ὥς,
811 3504 864 3574 διὸ
886 3503 941 3574 καὶ
963 3498 982 3572 ὃ
1004 3529 1042 3573 σι
1034 3499 1288 3591 πρσςτίθετασ

219 3623 433 3640 Μ

277 3678 301 3740 9
326 3677 360 3731 Ιιι
385 3677 508 3733 Grameri
533 3676 640 3733 Aneed.
659 3677 758 3731 horum
784 3673 888 3730 mentio
915 3681 957 3728 est
979 3691 1006 3746 p.
1023 3673 1066 3728 11.
1088 3677 1153 3748 263
1164 3637 1223 3728 too.
1244 3703 1284 3718 —

208 3759 387 3818 Praeterieris
408 3779 509 3818 moneo
527 3757 657 3831 Ἀθήναζε
681 3779 739 3816 oon
759 3777 821 3814 esse
840 3758 996 3828 Ἀθηναςδε,
1014 3758 1090 3826 quod
1107 3755 1202 3812 nescio
1222 3772 1284 3832 qua

210 3844 359 3900 traditione
374 3848 521 3903 credimus.

278 3933 318 3994 *9
335 3947 359 3986 υ.
371 3937 403 3990 ld
419 3932 601 3988 nondebebot
617 3931 767 3986 Bekkerus
784 3930 858 3997 qood
872 3926 970 3983 codex
987 3927 1116 3996 praebuit
1133 3939 1243 3979 συνυπα
1226 3922 1284 3996 ἆῤ-

206 4031 252 4086 χιι
242 4014 297 4070 ain
314 4023 535 4116 -χιινσιιιιισσσ
553 4017 668 4075 Scribat
685 4019 733 4076 eoi
750 4015 804 4080 (vei
822 4016 939 4072 rorasse
954 4007 981 4081 ἢ)
999 4008 1084 4074 οὕτως
1100 4011 1203 4083 φαμέν.
1222 4017 1286 4074 σοῖς

210 4114 483 4176 ....συνυιιαρχει
503 4135 644 4162 ......
672 4139 681 4145 .
795 4131 799 4138 ,
830 4135 832 4140 .
