2806 4826
220 353 272 460 r'n

304 583 434 668 derude
460 582 546 648 dicit
571 579 770 667 qttibusdam
799 577 882 644 duas
907 581 1022 664 partes
1042 582 1204 646 orationis
1227 582 1292 646 vi-

216 688 309 754 deri:
331 693 450 771 putare
471 688 558 748 onim
582 705 624 748 ex
646 685 722 746 loeo
733 683 915 746 Homerico
931 683 1115 746 ΦΥΓΑΔΕ
1123 675 1290 764 μνώοντο,

215 779 367 852 ubi'non
388 785 592 857 adverbialis
618 787 711 850 notio
737 785 968 868 requireretur
994 777 1039 860 εἷς
1068 778 1189 870 φυγήν,
1220 787 1290 848 sed

214 892 306 954 solus
331 890 542 954 aecusativus
571 880 693 974 φυγήν,
718 893 874 952 constare
896 885 938 950 de
960 887 1156 952 accusativo
1178 879 1286 972 φύγω,

217 994 277 1075 qui
303 991 356 1056 vel
381 1011 441 1074 per
463 991 710 1076 metaplasmum
733 989 843 1054 dictus
864 987 1020 1052 videatur
1040 993 1079 1052 ut
1099 984 1206 1054 σκέπα
1228 990 1291 1054 vel

212 1095 267 1168 (et
287 1091 374 1158 hano
385 1093 570 1159 Ptolemaei
583 1091 795 1158 Ascalonitae
816 1092 1011 1156 senteutiam
1028 1093 1114 1168 esse)
1135 1094 1292 1154 anomi-

214 1197 333 1260 nutivo
362 1189 431 1282 φύξ
456 1199 494 1260 nt
520 1187 620 1272 Στὺξε
648 1191 818 1260 dientem
839 1191 916 1256 hoo
937 1193 1124 1256 looosine
1152 1191 1294 1274 signifi-

213 1297 349 1360 catione
369 1298 415 1362 iis
436 1295 563 1360 dictum
577 1296 698 1360 videri.
738 1297 906 1372 Attamen,
916 1293 1038 1376 inquit,
1052 1299 1163 1376 potest
1175 1294 1287 1364 etiam

214 1397 282 1464 lroo
312 1398 387 1464 loeo
421 1398 614 1466 adverbium
652 1415 727 1462 esse
765 1415 827 1480 per
865 1415 1053 1477 paragogen
1084 1395 1210 1458 sactum
1246 1403 1291 1460 ut

215 1493 348 1566 nibede:
386 1520 462 1565 nam
494 1519 663 1584 paragoge
696 1516 930 1580 nonnunquam
965 1495 1054 1559 idem
1086 1495 1306 1580 significant·

215 1621 292 1666 cnm
313 1605 510 1686 prototypis
530 1603 641 1686 (quam
665 1601 851 1691 doctrinam
874 1605 907 1661 et
926 1598 1123 1680 Apollonius
1144 1598 1286 1680 saepius

214 1703 388 1782 inculcat),
411 1695 600 1789 ut'‘Idpdev
620 1699 744 1783 μεδέων
765 1720 827 1784 pro
848 1692 929 1784 Ἴδης
950 1703 983 1762 et
1003 1694 1138 1780 ἔκβαλεν
1170 1695 1288 1764 ἔκτοσε

214 1785 325 1892 pecode
352 1827 413 1889 pro
440 1799 542 1882 ἐκτός.
586 1803 653 1868 Sed
675 1817 783 1868 utrum
805 1807 986 1875 statuetur,
1015 1807 1172 1866 accentus
1194 1799 1288 1866 nibil

216 1907 430 1973 difficultatis
458 1905 566 1972 habet.
610 1903 698 1970 Nam
720 1908 750 1970 si
773 1909 823 1969 est
844 1903 1057 1969 accusativus
1079 1897 1184 1992 φύγα,
1214 1903 1285 1967 duo

217 2018 376 2074 accentus
406 2014 504 2073 eruut
535 2000 623 2094 φὺγα
656 2004 693 2071 δέ
726 2013 761 2069 ut
797 1996 974 2086 Οὔλυμπον
996 2001 1050 2082 de',
1078 2006 1194 2069 sinon
1217 2011 1283 2086 est,

219 2104 346 2197 φύγαδε
368 2116 420 2174 est
441 2115 478 2174 ut
499 2101 621 2194 ἅγραὸε
644 2129 719 2170 cum
740 2127 806 2170 uno
828 2119 976 2172 accentu.
1020 2107 1079 2172 Sic
1101 2113 1203 2181 certe,
1230 2108 1301 2170 in·-

218 2213 310 2294 quit,
360 2213 472 2295 (plane
519 2218 556 2273 ut
588 2209 810 2292 Apollonius),
855 2207 897 2272 de
941 2201 1043 2275 ἅλαδε
1086 2211 1184 2274 etiam
1227 2229 1287 2280 res

219 2313 322 2377 dubia
344 2317 446 2388 est*).

302 2413 412 2490 Unum
440 2413 542 2478 verbo
564 2412 713 2480 monebo.
753 2411 998 2476 Commemorat
1018 2412 1213 2498 Apollonius
1233 2413 1284 2495 (p.

196 2513 294 2594 aar,
316 2515 357 2579 28
369 2515 457 2598 sqq.)
479 2512 657 2600 quosdam,
680 2514 737 2596 qui
759 2514 917 2597 suspicati
940 2519 1052 2578 essent
1078 2513 1286 2576 OlllONAE

104 2682 107 2687 ,
221 2636 298 2678 cum
321 2617 485 2680 similibus
508 2637 544 2680 re
566 2635 646 2679 vera
667 2615 828 2680 adverbia
850 2635 923 2680 esse
945 2621 979 2680 et
999 2637 1116 2679 unum
1137 2617 1286 2679 vocabu-

220 2715 308 2798 lum,
323 2737 390 2782 non
412 2720 546 2782 nomina
566 2737 641 2806 eum
664 2718 783 2782 addita
802 2717 1037 2782 coniunctione
1059 2714 1112 2783 δέτ
1143 2736 1285 2801 quorum

220 2820 371 2904 rationes
398 2823 538 2904 exponit
566 2819 677 2884 latius.
726 2821 883 2884 Attamen
909 2819 964 2883 vel
987 2839 1030 2882 ex
1050 2819 1115 2882 hac
1136 2821 1285 2902 disputa-

221 2919 316 2984 tione
341 2941 440 3005 qnam
467 2923 584 2985 finnus
609 2929 677 2984 tum
707 2919 795 3004 apud
817 2940 931 3008 omnes
952 2927 1125 3001 accentus,
1154 2920 1287 3003 dequo

221 3019 385 3102 diximuS‚'
402 3023 505 3089 fuerit
525 3022 658 3087 videtur
680 3023 821 3085 elucere.
866 3021 952 3086 Nam
985 3015 1065 3085 illos
1086 3023 1178 3108 ipsos
1199 3022 1288 3086 dicit

220 3123 264 3186 ad
292 3131 465 3189 accentum
492 3118 682 3188 adhaesisse
711 3128 745 3188 et
771 3129 910 3206 propter
930 3131 1102 3188 accentum
1126 3143 1210 3217 snae
1233 3127 1288 3188 rei

221 3225 341 3288 dubios
363 3225 467 3292 fuisse
489 3229 565 3308 593,
589 3227 645 3290 18:
668 3231 702 3288 et
722 3223 926 3308 refutaturus
949 3246 1007 3290 eos
1025 3225 1220 3309 Apollonius
1241 3227 1286 3289 ab

223 3324 364 3392 accentu
393 3329 526 3393 initium
556 3328 648 3412 capit
675 3347 707 3389 v.
729 3328 780 3400 23,
804 3325 844 3390 τὰ
866 3323 926 3408 μὲν
947 3317 1005 3393 οὖν
1025 3324 1060 3393 ἐκ
1081 3327 1138 3412 τῆς
1159 3318 1287 3404 τάσεως

222 3431 391 3518 προφανῆ.
420 3431 493 3510 πῶς
526 3427 588 3518 γὰρ
619 3423 712 3516 τρίτη
744 3422 814 3494 ἀπὸ
845 3425 959 3506 τέλους
985 3420 1006 3514 ἡ
1028 3424 1286 3515 mercennarium

287 3718 313 3779 *l
329 3716 378 3772 Ex
395 3717 444 3773 tali
461 3715 644 3787 disputatione
655 3716 781 3778 ¹(diruerat
798 3715 868 3769 enim
886 3715 922 3771 de
939 3715 1119 3782 dubitatione,
1137 3715 1182 3770 eni
1201 3732 1289 3770 voce·

123 3865 127 3878 ¹
220 3801 313 3855 bulum
330 3803 537 3872 puyodeaosam
554 3801 638 3870 dedit,
646 3801 684 3856 dn
702 3802 887 3862 catholicalin
898 3801 1013 3862 loannis
1030 3803 1149 3872 epitome
1158 3800 1289 3856 relictum

222 3884 291 3940 illud
309 3888 407 3940 nudum
425 3882 543 3956 φύγαδε.

288 3970 372 4039 Apud
388 3973 557 4028 Euanthium
573 3972 610 4028 ad
626 3973 665 4025 A.
682 3975 743 4028 446.
761 3989 787 4042 p.
807 3977 872 4039 855,
895 3977 929 4031 att
947 3987 1044 4027 rursus
1059 3971 1216 4038 exemplum
1231 3973 1306 4036 'ba-,

221 4037 279 4105 bes,
297 4048 327 4094 ut
341 4039 447 4145 subpilo
463 4057 512 4096 sua
529 4057 584 4098 non
601 4040 745 4109 intelligat
928 4087 930 4092 ,
