2786 4830
125 473 128 480 f
214 419 337 504 ἥθ’

252 643 255 652 ’
385 627 526 701 ιιιιιιιιιι
549 629 613 700 der
631 633 729 716 gotes
751 629 869 699 willon
891 634 974 698 tuot.

256 785 269 798 ..
310 793 313 798 .
366 729 585 802 :Ilie‘wlsen
608 736 762 804 werdent
781 741 878 820 gotes
899 734 987 810 kion

222 889 226 896 .
326 894 329 902 i
384 839 443 906 die
465 833 595 920 endere
616 835 688 904 olle
705 835 803 906 tdren
829 839 908 910 siut.

210 941 254 1008 ln
274 942 329 1009 his
349 944 460 1008 tribus
481 943 661 1008 sententiis
683 943 777 1010 nulle
797 949 852 1010 est
872 961 991 1008 sensns
1012 941 1181 1010 allinitnse
1209 945 1303 1009 ette-

209 1065 287 1112 trren
309 1047 402 1112 sicut
422 1044 529 1110 focile
549 1037 788 1130 intelligimus,
810 1055 849 1112 ut
870 1047 1003 1111 animus
1025 1053 1144 1131 poetae
1165 1047 1210 1112 ad
1231 1047 1304 1114 hoc

208 1148 580 1236 potissimuminitiurn
602 1148 693 1214 lutus
715 1149 834 1226 luerit,
858 1149 1301 1236 numerose-principium,

208 1253 262 1317 sic
284 1251 370 1316 illud
392 1273 528 1338 quoquo
548 1255 724 1332 sentimus,
746 1263 847 1338 quoni
859 1253 1027 1338 proclivis
1037 1252 1143 1319 fuerit
1154 1255 1300 1335 enimus,

207 1361 246 1419 nt
261 1385 264 1390 ·
277 1355 454 1438 complure
475 1355 698 1440 'potissimum
729 1355 894 1442 deinceps
926 1356 1070 1448 fingeret
1094 1357 1149 1422 rel
1178 1359 1208 1422 si
1230 1379 1302 1444 qno

208 1457 308 1524 forte·
333 1457 460 1524 trudito
480 1464 634 1524 meretur
664 1455 829 1524 memorie
853 1466 1054 1544 suggerente
1082 1467 1237 1543 poneret,
1261 1463 1299 1526 in

106 1556 108 1562 '
208 1561 429 1646 quibuscum
453 1561 631 1646 Sapientis
652 1561 852 1627 coniunctus
874 1567 966 1628 esset
997 1562 1102 1628 Deus.

193 1677 195 1684 ’
297 1663 400 1742 Quod
433 1663 477 1728 nd
507 1663 662 1733 Graecos
681 1664 815 1745 attinet,
846 1663 1011 1752 quaedum
1034 1665 1135 1732 etiem
1157 1665 1243 1733 telin
1264 1672 1300 1733 et

213 1771 293 1832 orta
307 1846 310 1856 Ἰ
324 1775 360 1832 et
381 1769 579 1834 eomocints
599 1768 857 1842 concertatione
890 1774 925 1833 et
950 1768 1028 1834 lusu
1048 1789 1124 1836 esse
1144 1771 1301 1855 suspicio

208 1891 286 1936 esse
306 1873 441 1956 poenite
458 1868 551 1954 quod
573 1887 617 1934 ιιιι
639 1867 697 1934 hio
719 1870 794 1936 illic
815 1871 918 1938 etium
942 1872 978 1935 in
996 1871 1175 1938 ‘Hesiodea
1196 1875 1300 1940 cedet
1383 1887 1384 1944 l

206 1995 275 2038 nou
297 1974 395 2038 dicor
417 1974 480 2041 sed
502 1974 539 2036 in
561 1972 796 2056 Theognidem
818 1973 944 2040 endere
966 1976 1028 2040 vix
1050 1973 1182 2041 dubito.
1215 1978 1299 2044 Ete-
1381 2062 1382 2066 Ἰ

205 2077 278 2140 nim
299 2080 435 2142 constet
452 2076 601 2142 Graecis
613 2075 706 2140 lusus
719 2075 808 2140 serii
819 2077 956 2158 generis
968 2077 1158 2144 familiares
1174 2079 1297 2164 luisse,
1381 2115 1382 2142 1

208 2179 331 2264 quibus
352 2180 389 2244 in
411 2183 462 2242 eo·
475 2177 603 2260 ingenii
626 2183 663 2242 et
684 2179 869 2244 memoriae
890 2179 946 2246 vis
963 2188 1236 2265 expromeretun
1262 2192 1300 2250 ut
1377 2249 1380 2259 ,

95 2277 101 2292 ’
206 2283 369 2346 similiter
390 2281 551 2354 cedentes
574 2285 610 2343 et
631 2286 791 2344 sonantes
812 2300 932 2348 versus
954 2288 990 2346 et
1011 2271 1199 2350 sententiae
1221 2307 1324 2362 cer.

206 2385 302 2448 tatinr
325 2382 565 2467 proferrentur
592 2377 762 2458 <videmus
789 2379 866 2446 lroc·
880 2384 948 2468 ipsi
970 2383 1082 2452 edhuo
1103 2388 1139 2452 in
1162 2387 1298 2472 sroliis)

189 2486 262 2551 ‚vel
291 2485 362 2550 elin
388 2486 491 2564 etiem
514 2485 648 2550 ratione
669 2493 813 2558 externo
836 2495 1006 2564 momento
1029 2489 1190 2574 deinceps
1213 2513 1295 2576 pro·

89 2657 101 2676 m
145 2608 150 2624 ι
204 2588 394 2653 ferrentur·
426 2609 495 2674 qne
521 2587 565 2656 de
587 2607 624 2654 re
646 2587 814 2656 videndus
835 2593 972 2656 omnino
995 2590 1183 2658 Clearchus
1205 2593 1293 2680 opud

205 2691 418 2758 Athenaeum
441 2693 562 2770 elwi-

132 2873 135 2881 ¹
226 2794 371 2863 Hoc
391 2795 619 2878 cogitantibus
639 2813 682 2860 ne
703 2789 1287 2884 idquidempraestabitquisqnom,

179 2917 274 2962 non
307 2899 392 2962 tolie
419 2913 662 2981 nonnunquam
691 2897 734 2962 de
763 2896 933 2964 industrie
960 2919 1001 2964 eo
1026 2901 1174 2965 oonsilio
1196 2903 1289 2966 iuxta

103 3001 104 3004 ’
206 3000 320 3083 posita
343 3007 433 3078 csse,
464 3005 501 3064 nt
529 3000 646 3084 quiin
669 2999 816 3067 ludicris
835 3003 1066 3086 responsoriis
1088 2999 1140 3068 uti
1164 3003 1289 3068 vellent

204 3101 287 3166 irino
318 3108 488 3184 peterent,
518 3121 586 3166 non
613 3102 701 3166 elios
713 3103 822 3170 sibi
812 3100 899 3189 ipsis
920 3102 988 3220 hoo
1007 3105 1140 3170 modo
1131 3127 1168 3171 ιιι
1189 3105 1286 3173 cher-

205 3205 288 3270 tulrs
310 3205 443 3270 lusisse
555 3241 557 3246 ·

291 3306 385 3384 Quid
411 3306 560 3374 nitelis
575 3303 676 3372 etiem
706 3307 794 3375 ordo
821 3307 1011 3376 scholarum
1040 3313 1212 3396 magistris
1232 3333 1284 3375 eo-

115 3467 117 3474 ,
205 3409 435 3478 commodatus
457 3411 553 3478 risus
565 3411 609 3476 ud
620 3411 863 3480 sublevandum
876 3433 1057 3497 puerorum
1070 3414 1280 3538 memorinm²

208 3574 434 3596 -a-——d—-n

273 3704 298 3766 *l
315 3703 360 3770 Ad
387 3701 526 3758 eiusmodi
551 3701 662 3758 ludicro
691 3717 788 3768 eornm
809 3703 858 3774 qui
877 3713 969 3759 essent
987 3713 1015 3759 et
1034 3714 1143 3772 certene
1158 3723 1240 3776 peres
1255 3697 1290 3758 et‘

205 3789 428 3856 respondere
445 3787 535 3874 persii
555 3797 623 3857 puto
641 3790 811 3858 pertinuisse
830 3791 914 3846 illem
932 3787 1086 3858 ὑποβολήν,
1109 3795 1146 3846 de
1164 3811 1217 3861 que
1233 3808 1279 3844 nu-

205 3890 260 3941 per
285 3873 459 3926 eBoerkhio
478 3884 506 3926 et
511 3869 691 3930 Hermanno
704 3875 872 3946 disputatum
890 3893 920 3930 e
908 3888 949 3946 ι
964 3886 992 3931 et
1009 3877 1132 3956 speciem
1151 3879 1277 3946 quendum

203 3958 265 4012 eius
282 3955 423 4024 ιποβοιὴν
439 3956 637 4016 deruno'doorn
676 3959 746 4016 Nem
770 3961 812 4016 sic
830 3972 897 4042 puto
917 3916 986 4016 hdec
1004 3963 1197 4030 coniungenda
1213 3977 1276 4023 esse,

202 4043 296 4114 specie
322 4043 419 4114 generi
437 4044 582 4110 ndinnntn,
600 4055 630 4100 ut
653 4049 843 4123 redeuntique,
862 4035 1278 4122 ἴρηξκίρκοῆπαιῐςκόρημῦ·

202 4133 245 4192 tuf
262 4125 347 4204 ἀρύσι
349 4148 407 4197 ιχος
425 4131 535 4204 Phryn.
553 4133 618 4188 ΑιΙι.
636 4136 697 4190 tul.
715 4151 755 4197 c„
