2824 4820
182 399 259 504 aar

180 601 277 684 κότος
299 597 475 672 αὐαλέοισι
494 589 658 682 θάμνοις,
682 584 741 674 οὓς
762 586 877 659 dicein
889 607 893 612 ·
907 587 1016 680 σορὸς
1046 581 1264 675 κατεδάμνατ’

109 708 111 721 '
181 704 290 796 τ’ὐτμὴ
312 700 451 794 ῥηϊδίως
477 737 519 752 -
1264 711 1267 716 '

233 874 236 894 ,
266 814 378 879 Porro
407 809 475 874 huc
504 803 657 890 pertinet
682 797 908 868 Aristarchea
929 801 1032 868 lectio
1054 789 1179 887 ὀρώρει
1199 819 1263 884 pro

180 907 308 1005 desuper
329 913 429 978 Hom.
460 910 503 975 II.
530 911 583 986 ΙΙ,
610 909 674 974 633
695 906 760 972 τῶν
781 896 811 971 d'
835 899 921 971 ὥστε
943 895 1115 992 δρυτόμων
1137 895 1267 988 ἆνόροῖν

182 1013 372 1107 ὀρυμαγδὸς
404 1004 527 1100 ὀρώρει
560 1045 598 1062 -
623 1004 679 1088 ὥς.
712 1045 755 1062 -
786 1007 876 1076 Nam
903 1027 960 1089 ea,
983 1027 1126 1092 quornm
1148 1024 1267 1070 manca

184 1129 220 1188 et
242 1141 359 1206 parum
384 1134 546 1201 expressa
567 1113 761 1197 coniugatio
783 1116 836 1178 est
857 1116 894 1176 et
914 1108 1108 1195 imperfecti
1130 1109 1270 1172 coristi.

182 1245 248 1309 que
284 1241 365 1287 usus
392 1218 522 1286 coaluit
550 1215 1020 1298 excludamus-,quamquem
1052 1233 1116 1276 nec
1139 1232 1266 1291 eorum,

183 1347 269 1411 quae
285 1311 357 1389 Ιισο
379 1323 543 1404 referam,
566 1321 737 1406 permulta
758 1318 898 1383 notavit
920 1311 1017 1398 ἴαχον
1039 1313 1097 1395 (Ε,
1120 1315 1196 1380 860.
1223 1310 1267 1396 Ξ,

182 1430 246 1496 148
267 1447 301 1494 v.
324 1426 492 1509 Apollon.¹
505 1423 574 1498 ΙΙΙ,
599 1423 692 1489 1376.
718 1426 762 1499 l).
784 1417 950 1507 ἐπέχραον
970 1420 1023 1498 ΙΙ,
1044 1420 1120 1486 951.
1133 1410 1272 1504 ἀπηύρα

181 1513 235 1610 Λ,
269 1533 342 1595 115.
375 1532 450 1594 use.
476 1517 588 1612 ,ᾤχετο
610 1527 691 1590 nar.
713 1524 764 1606 ιτ,
788 1526 861 1590 nr.
883 1519 1075 1609 παρέσχεν.
1096 1521 1178 1588 nan
1199 1521 1270 1603 111,

181 1635 255 1698 363.
279 1629 397 1697 ἔσσυτο
419 1632 464 1696 ib.
478 1630 560 1704 JV,
582 1629 657 1696 398.
679 1623 734 1710 V,
755 1629 831 1696 361.
850 1619 1043 1712 ’Λνακήκισν
1058 1645 1120 1710 pro
1135 1617 1271 1722 ,ἀνακη-

183 1730 248 1804 κίοι
269 1733 497 1836 inponunullis
519 1732 697 1798 ferebatur
717 1730 762 1797 11.
784 1731 834 1808 Ν,
855 1731 986 1809 76514).

598 1951 602 1956 -
669 1919 698 2006 ο.
722 1919 774 1988 ιο.

268 2095 369 2162 Nunc
391 2111 545 2180 agamus,
568 2093 658 2184 quod
680 2093 780 2159 antea
802 2077 1030 2157 differendum
1051 2093 1136 2158 eret.
1180 2093 1273 2172 Par-
1401 2168 1406 2214 ἶ

184 2195 309 2266 ticulae
330 2221 367 2264 τε
389 2198 541 2279 angustis
561 2197 689 2262 finibus
711 2197 1007 2282 circumscriptum
1028 2215 1104 2262 esse
1121 2216 1217 2262 usum
1231 2198 1276 2279 ip.

182 2302 299 2370 Nonni
334 2301 557 2388 Dionysiacis
578 2298 813 2384 significatam
835 2299 862 2373 6.
885 2303 922 2375 6,
950 2300 990 2382 Ι,
1012 2321 1045 2384 p.
1067 2301 1144 2366 369.
1188 2298 1272 2366 Jam

54 2459 57 2476 ,
116 2489 118 2500 ¹
184 2423 252 2495 qua
284 2401 372 2466 ferri
406 2404 514 2483 possit
549 2402 743 2468 accuratius
773 2402 979 2469 evolvamus.
1021 2403 1094 2495 'Sed
1121 2405 1271 2489 primum

183 2505 309 2600 cedere
342 2503 449 2568 debet'
474 2503 529 2570 his
562 2505 667 2588 Iocis,
690 2503 769 2592 ¹qun
808 2507 1005 2575 coniectura
1035 2508 1271 2592 'immigraritx

183 2607 340 2683 XLVII,
375 2605 431 2687 89,
462 2609 520 2673 ubi
552 2630 605 2685 τε,
639 2607 771 2674 Graefii
803 2609 1001 2676 coniectura
1023 2611 1153 2678 illatum
1177 2615 1272 2684 stare

181 2723 252 2782 'non
283 2731 384 2794 posse
416 2712 483 2774 iam
516 2713 586 2776 suis
620 2713 830 2796 argumentis
861 2713 1021 2779 Stravius
1055 2700 1273 2778 ostendit'de

185 2835 239 2900 ex.
274 2833 365 2880 vere.
398 2811 513 2880 Noun.
546 2836 580 2897 p.
608 2817 660 2880 19.
705 2813 788 2880 Sine
810 2816 902 2880 iusta
923 2836 1028 2881 causa
1048 2817 1271 2902 importatum

182 2916 328 2996 XLIII,
363 2917 436 2983 180.
470 2915 647 2994 XLVIII,
673 2918 748 2984 267.
803 2915 1008 2984 Necessario
1031 2941 1133 3004 porro
1156 2909 1272 3000 ccda't,

184 3017 385 3106 quamquam
408 3035 428 3080 a
450 3019 527 3086 cod.
550 3019 745 3096 exhibetur,
768 3019 937 3102 XXXII,
960 3023 1034 3088 222
1056 3021 1169 3102 XIII,
1190 3024 1270 3090 272.

127 3203 130 3214 ,
182 3120 262 3184 Illic
283 3120 359 3204 Iege
381 3120 562 3204 prosodiae
585 3121 779 3206 damnatur,
802 3123 861 3189 hic
883 3126 1072 3206 sententia,
1095 3146 1182 3210 quae
1208 3145 1271 3210 op·
1407 3131 1408 3172 t

182 3226 383 3309 positionem
407 3225 568 3309 postulat.
613 3226 699 3290 Item
721 3227 890 3294 sententia
912 3229 1103 3312 postulante
1120 3230 1273 3312 proscri-
1380 3300 1383 3304 ,

182 3327 279 3392 bitur
300 3325 479 3402 XLVlII,
503 3329 587 3408 553,
606 3328 697 3413 quod
719 3329 786 3392 iam
811 3328 951 3394 Graefio
974 3332 1270 3397 observatumest.

148 3483 151 3493 .
182 3429 257 3495 Pro
279 3426 319 3500 δέ
339 3429 475 3497 illatum
497 3436 551 3493 est
570 3452 608 3495 τε
630 3434 665 3496 in
688 3429 920 3516 descriptione
942 3432 998 3516 ΙΙ,
1021 3433 1087 3500 385
1107 3433 1150 3498 ab
1178 3431 1272 3498 Her·

183 3553 321 3608 manno,
357 3530 448 3620 quod
483 3537 594 3601 tamen
628 3554 709 3619 prae
742 3532 884 3618 pulchra
918 3533 1049 3605 cunaei
1069 3537 1272 3606 coniectura

184 3717 413 3738 W

251 3839 275 3898 t)
293 3841 366 3893 Num
395 3837 458 3905 quis
481 3839 591 3894 notavit
613 3839 667 3894 iam
693 3842 738 3895 uel
760 3842 900 3910 explicuit
916 3845 985 3900 haec
1002 3842 1180 3918 Imperfecta,
1198 3858 1271 3910 quae

182 3929 247 3976 sunt
265 3923 339 3992 apud
357 3924 527 3979 Nicandrum
548 3925 634 3982 Ther.
652 3930 717 3992 985,
736 3961 768 3974 -
786 3929 1135 3997 nes.Tne0g.1o‚nest
1173 3931 1270 3985 Adde·

183 4023 243 4062 rem
269 4009 363 4064 Quint.
391 4010 452 4076 ΧΙ,
479 4013 528 4077 36,
557 4010 611 4066 uisi
637 4012 684 4066 nic
701 4013 780 4069 locus
799 4018 980 4072 conturbatus
998 4015 1149 4071 videretur.
1185 4015 1269 4086 Apud

180 4095 311 4154 Noenum
328 4093 414 4168 XLI,
431 4098 466 4161 σθ
483 4094 676 4167 imperiectun
695 4101 839 4161 offendere
856 4120 912 4160 nuo
929 4103 1066 4168 debebat,
1084 4119 1112 4160 τ.
1129 4101 1170 4160 ib.
1189 4107 1235 4160 17.
