2806 4826
1084 409 1135 488 4⁷

79 601 272 670 Eueleatlrio
292 603 423 670 invenit
444 607 476 670 et
495 623 633 672 seuerus
654 605 828 672 transtulit
849 606 884 670 in
907 626 982 692 sue,
1005 632 1036 696 p.
1059 616 1131 696 174,

77 707 105 768 2
147 706 182 769 ls
204 709 310 790 igitur
330 707 396 770 iam
417 727 482 770 non
503 707 672 772 intellexit
693 707 777 772 haec
798 727 860 784 ner
881 709 931 774 itn
952 715 1058 781 tenuit
1074 735 1132 780 nu-

75 807 199 890 tiquem
215 808 414 888 doctrinam,
436 815 615 874 ntermres
626 811 897 876 auctoribussois
910 833 989 878 ceso
1010 815 1134 882 adhue·

77 915 244 977 reserentes
271 910 444 991 effugeret.
486 909 565 974 *Sed
586 911 667 974 alibi
689 911 742 976 eui
764 914 835 994 ipse
856 913 1047 990 immemor,
1069 919 1134 984 sed

76 1031 233 1092 expresse
255 1011 642 1095 loquentesinspioiens,
664 1018 810 1077 veterem
833 1033 957 1078 morem
979 1015 1131 1102 iufertp.

76 1115 174 1192 1316,
197 1115 238 1178 ou
260 1113 319 1192 (cf.
342 1115 513 1191 175410).
538 1147 574 1162 -··
599 1113 816 1196 Theoguosto
837 1115 922 1178 illud
943 1109 964 1200 ἥ
985 1117 1131 1186 nondum

76 1213 220 1294 ignotum
242 1214 361 1294 suerat,
374 1215 482 1279 Crem.
495 1215 540 1278 11.
554 1235 585 1298 p.
601 1209 967 1301 155u23‚rr},iidrrlroi
978 1213 1022 1296 ὥς
1033 1225 1075 1298 *).
1088 1255 1142 1328 ‹-x

156 1363 221 1428 Sed
244 1387 382 1452 pergem
404 1369 470 1432 alia
492 1365 651 1452 quaedam
674 1369 855 1452 explicare,
869 1345 1130 1452 inquihosmilri

75 1463 116 1528 de
137 1467 423 1552 antiquiorum
448 1490 539 1534 more
549 1467 603 1534 his
615 1471 816 1553 temporibus
828 1475 972 1534 erratum
984 1473 1128 1538 videtur.

556 1652 641 1736 §.t
809 1671 827 1708 ⁶

270 1838 434 1904 Elisio
467 1838 512 1901 in
544 1809 714 1902 dn'tiuo
746 1837 941 1903 tertiae.

148 1971 307 2057 ¹Putabat
340 1991 551 2074 Spitznerus,
580 1989 814 2054 Aristarchum
846 1989 880 2051 iu
913 1987 1030 2055 dativo
1063 1997 1132 2059 ter«

68 2090 140 2152 tiae
177 2091 411 2158 declinationis
443 2111 508 2154 non
540 2091 671 2156 elisisse
702 2090 851 2158 vocalem
886 2091 946 2154 sed
977 2094 1131 2182 adscrip-

72 2193 173 2272 sisse,
218 2199 255 2256 ut
293 2194 464 2277 syniuesis
509 2191 620 2267 fieret,
666 2213 695 2255 e.
738 2212 771 2276 g.
815 2182 916 2278 ἤματι
957 2198 1128 2284 σ’τιιορινῷ,
1159 2227 1170 2245 ··

72 2287 198 2357 Αἴαντι
224 2287 392 2382 ὑψίζυγος.
440 2293 507 2358 Sed
532 2295 741 2358 Aristonicus
761 2291 803 2358 nd
825 2296 872 2369 A,
894 2293 959 2360 589
980 2331 1022 2344 -··
1043 2292 1129 2382 στῆτ’

72 2385 290 2473 ἐλελιχθέντες
310 2391 364 2460 καί
385 2388 521 2478 ἀμύνετε
541 2392 651 2482 νηλεὲς
671 2385 760 2482 ἦμαρ
770 2385 900 2460 Αἴανθ’
923 2383 961 2472 ὃς
979 2395 1131 2478 βελέεσσι

72 2489 220 2574 βιάζεται
253 2532 290 2548 -
314 2499 433 2562 scribit
465 2496 530 2560 hoo
561 2495 675 2560 modo·
705 2487 850 2582 ἧδιττλῆ
872 2489 924 2560 ὅτι
945 2491 1132 2584 Ζηνόδοτος

73 2589 193 2714 γράφει
223 2592 371 2676 Λίλαιος
400 2593 566 2678 βελέεσσι
599 2593 706 2681 γενικὴ
737 2619 796 2678 μιν
828 2585 886 2661 οὖν
914 2589 972 2678 οὐχ
994 2591 1132 2684 ἁρμόζει

73 2691 148 2770 ιῖίςτε
177 2694 334 2780 δέχεσθαι
359 2721 418 2764 τοο
443 2691 607 2774 Αἴαντος·
636 2691 666 2764 σί
693 2691 731 2763 dt
761 2693 844 2760 κατὰ
871 2693 1112 2821 σοναλοιφῆν’
1096 2725 1132 2767 ιν

72 2819 113 2880 τῳ
141 2791 334 2886 ἇντιστοίχῳ
354 2797 531 2890 γέγραφεν,
558 2791 597 2863 i'v’
619 2821 642 2884 η
673 2795 711 2862 τὸ
733 2796 856 2890 ντλῆρις
875 2789 1026 2862 Αἴαντ’(
1017 2770 1054 2877 dg
1073 2803 1130 2882 βι-

75 2895 214 2980 λείσσιι,
242 2895 301 2966 οἰκ
329 2898 398 2966 ἔστι
425 2902 482 2986 τῆς
507 2892 584 2965 καθ’
600 2895 745 2985 Ὅμηρον
762 2890 868 2976 ’λάδος
888 2896 925 2962 τὸ
946 2899 1125 2982 ψιλοῦν
1087 2925 1120 2968 τι

75 3005 219 3066 τοιαῦτα.
268 2999 358 3068 Num
386 3001 428 3063 do
459 3025 471 3065 ι
499 3003 578 3082 illo,
605 3001 693 3084 qood
723 3020 765 3063 ex
796 2997 1010 3068 Aristarcheo
1036 3023 1130 3069 more

76 3106 296 3168 necessarium
318 3110 413 3187 putat
424 3104 630 3188 SpituneruS,
654 3103 706 3166 vel
718 3104 852 3166 verbum
865 3104 1000 3170 inlicit?
1039 3105 1129 3170 Num

75 3197 198 3268 Αἴαντι
229 3199 266 3282 ἴς
292 3205 437 3286 requirit
469 3212 503 3268 et
523 3225 587 3268 uon
610 3210 735 3267 tantum
754 3203 998 3275 ,ΑΙΑΝΘΟΣὲ
1041 3207 1128 3272 ltem

74 3303 117 3384 H,
138 3307 203 3372 272
225 3305 392 3392 Didymus
414 3305 529 3371 tradite
547 3297 758 3390 Ἀρίσταρχος
777 3297 891 3368 ἀσπίδ’
903 3298 1129 3392 ἔνιχριμφθείς

74 3403 131 3481 (sc.
159 3427 228 3470 non
249 3399 367 3473 ἀσπίδι
388 3401 625 3494 ἐγχριμφθείς).
667 3405 714 3470 Et
734 3407 1038 3489 circumspiciamus
1059 3428 1128 3489 cos,

75 3508 127 3587 qui
155 3508 350 3593 plerumque
376 3529 451 3573 cum
479 3505 677 3574 Aristarcho
700 3507 824 3572 sentire
844 3508 970 3572 solent:
993 3529 1034 3570 en
1056 3509 1129 3572 He-

78 3609 232 3674 rodianus
264 3611 423 3691 occurrit,
456 3629 520 3674 nec
549 3610 700 3694 loquitur
730 3611 889 3689 obscure,
923 3608 966 3670 ad
999 3608 1045 3688 Ω,
1067 3610 1130 3676 318

73 3698 274 3798 Ἀρίσταρχος
302 3705 428 3797 dilui-ilic
449 3703 674 3798 detinuimus,
696 3703 854 3775 σύνθετον
874 3709 980 3772 ποιῶν
1000 3707 1057 3794 τὴν
1078 3707 1130 3774 λέ-

17 3901 19 3916 ι
76 3890 291 3922 ⁸⁸¹*-

138 4031 162 4090 *l
181 4031 225 4087 Λᾶ
243 4019 259 4101 ἦ
275 4035 355 4099 θέμις
370 4032 404 4086 cl.
414 4031 553 4116 Tireodor.
563 4033 634 4090 Gan.
654 4049 681 4099 p.
692 4033 748 4088 6¹23
762 4025 818 4093 (ed-
830 4025 913 4080 Bssll·
927 4031 1058 4093 1538)·τ1.
1067 4035 1128 4092 7119.
