2746 4826
1060 412 1135 490 191

59 635 101 680 ne
135 613 193 678 alr
220 608 300 678 allis
331 615 441 696 petus,
473 609 511 675 bi
541 614 654 677 autem
688 616 873 680 recusent!
930 613 1006 681 Nee
1037 615 1144 698 quid«

61 735 169 802 quum
201 703 328 781 elarius
355 735 454 800 quum
479 713 648 826 duplicem
672 712 772 812 huius
799 715 891 782 initii
910 716 1141 784 recensionem

4 827 5 832 ’
64 817 255 886 coaluisse

569 1003 598 1088 §-
620 1008 654 1072 ι.

83 1220 85 1233 .
157 1175 374 1244 Intravimus
388 1175 426 1240 in
448 1174 591 1241 Carmen
612 1176 824 1258 continuum,
845 1177 1145 1264 quodquumquum

69 1299 139 1344 non
161 1298 234 1346 uuo
256 1278 359 1345 modo
376 1275 600 1342 detorrustum
621 1279 844 1356 inveniemus,
874 1293 984 1346 umen
1005 1303 1080 1346 oum
1101 1284 1144 1348 ab
1259 1266 1263 1285 '

72 1381 179 1446 initio
210 1381 338 1447 fuisset
362 1380 523 1444 contiuuo
547 1379 609 1445 tito
631 1381 823 1462 deductum,
844 1401 910 1446 uon
931 1389 1066 1467 poteret
1086 1383 1147 1448 de-

3 1493 5 1562 J
73 1483 140 1548 leri
164 1502 356 1563 connexus,
378 1483 459 1569 quin
480 1497 755 1566 cognosceretur,
777 1486 849 1570 imo·
865 1485 947 1568 quin
969 1481 1071 1550 tuelle
1090 1507 1147 1550 eo-

4 1601 5 1604 ’
71 1590 309 1664 guosoeretur.
358 1585 436 1650 Hos
463 1586 632 1668 persecuti
662 1587 697 1650 iu
719 1587 863 1670 reliquis
883 1607 923 1652 eo
944 1589 1051 1669 magis
1071 1607 1148 1654 sen·

74 1688 201 1752 tiemus
223 1691 382 1772 quantum
403 1687 446 1752 sb
467 1685 686 1752 hoodtstent:
707 1688 1024 1768 interpolationibus
1035 1700 1147 1756 autern

76 1789 226 1874 aliisque
253 1788 493 1853 mutationibus
524 1789 640 1873 quoles
675 1789 731 1853 vel
758 1787 825 1853 hoo
849 1791 1049 1856 sustinuerit
1070 1812 1149 1854 cur·

3 1953 5 1959 ,
76 1909 152 1954 rnen
160 1890 289 1976 ‚quod
311 1895 421 1956 temen
442 1889 687 1976 quodammodo
707 1911 745 1956 re
764 1890 872 1975 ipsum
883 1897 1049 1972 tueretur
1070 1911 1148 1976 per·

62 1993 208 2074 aspectis
228 1991 277 2056 ud
297 1998 432 2057 metere
452 1995 561 2058 miuus
581 2011 658 2058 nos·
663 1993 768 2058 duros
788 1995 1087 2076 praestabimus.

162 2097 241 2162 405.
274 2095 310 2158 6
345 2084 446 2159 Oinoe
475 2092 536 2178 pedu
566 2087 754 2182 πρώτιστα,
780 2087 927 2215 peruirid-
942 2115 997 2174 τε,
1017 2089 1147 2176 βοῦν’
1118 2119 1140 2161 s

821 2187 981 2282 ἆθοΐῆθαι

165 2331 210 2346 -
221 2293 342 2383 πηιὴν
369 2289 411 2364 οὗ
430 2318 589 2383 γαμιτην,
609 2291 633 2382 ἦ
652 2318 704 2374 τις
723 2318 780 2364 και
769 2293 913 2380 βουσὶν
932 2294 1051 2364 dooere

166 2403 339 2474 sub-ml
359 2393 510 2487 χρήματα
536 2393 625 2466 δ”
594 2421 642 2466 etr
673 2421 755 2486 οιιιῳ
786 2391 881 2465 πάντ’
904 2388 1031 2484 ὄρμενα
1052 2392 1153 2487 ποιή-

823 2503 965 2581 σασθαι,

163 2599 214 2688 μὴ
236 2595 279 2670 orl
298 2599 359 2685 μὲν
379 2594 473 2688 αἰτῇς
493 2591 648 2681 ullor‚‘
630 2624 650 2666 o
672 2593 746 2668 δ”
725 2599 873 2687 αρπῖιαι,
897 2597 938 2666 σὺ
957 2597 997 2666 δὲ
1016 2603 1110 2691 τητᾷ,

164 2698 189 2790 ἡ
212 2699 244 2772 rl'
257 2699 336 2792 -ὥρη
356 2697 617 2790 παραμείβηται,
638 2694 764 2788 μινύθῃ
785 2697 824 2768 dd
843 2723 897 2766 rot
917 2697 1024 2788 ἔργον.
1101 2765 1119 2776 ὴ,

87 2806 239 2877 Primum
264 2806 592 2891 praeceptum-sino
614 2825 684 2888 quo
701 2823 797 2868 nemo
818 2801 1014 2887 dequoestu
1025 2803 1151 2868 rustico

87 2930 128 2974 ue
149 2915 306 2997 cogitare
326 2908 461 2992 quidem
482 2907 608 2990 possit,
630 2911 668 2972 ut
689 2908 832 2991 primum
844 2907 997 2990 nequiret
1005 2907 1153 2986 domum,

88 3033 226 3082 uxorem
247 3019 283 3077 et
303 3017 432 3076 taurum
452 3013 635 3074 amtorem:
657 3008 818 3092 deinceps
837 3008 995 3090 alterurn,
1017 3007 1154 3090 suppel-

90 3111 237 3182 leetilem
261 3113 483 3179 necessariam
502 3119 637 3176 mature
654 3111 689 3174 in
711 3109 845 3176 domum
864 3116 1045 3193 comperet.

175 3271 233 3333 De
264 3285 364 3332 versu
396 3267 494 3329 obelo
526 3271 640 3329 notato
667 3263 751 3330 bene
774 3263 890 3328 docuit
910 3259 1151 3342 Goettliugius‚

93 3368 273 3436 Aristoteli
298 3373 331 3456 et
352 3366 591 3450 Theophrasto
614 3387 687 3430 eum
709 3368 859 3448 ignotum
880 3361 1006 3444 fnisse,
1033 3361 1154 3426 Philo-

95 3467 182 3536 demi
214 3471 424 3554 temporibus
451 3475 545 3533 certe
570 3470 636 3532 iarn
658 3467 885 3554 compluribus
906 3463 1153 3546 exemplaribus

96 3572 335 3638 circundatum.
394 3570 540 3636 Videtur
576 3589 695 3636 versus
726 3589 792 3634 non
825 3567 959 3652 quidem
989 3563 1153 3646 originem

94 3691 184 3740 suern
207 3669 308 3749 (nihil
329 3674 364 3737 ni
385 3670 488 3736 fallor
507 3673 549 3736 ub
571 3673 670 3736 initio
691 3667 902 3756 significabat
922 3685 1020 3750 quum
1041 3685 1147 3742 „ser-

97 3793 179 3840 vem
206 3796 286 3841 non
313 3786 493 3856 nuptam,
522 3774 566 3838 cs.
596 3797 629 3839 v.
650 3778 729 3854 604,
753 3790 837 3858 quae
857 3771 960 3831 botes
983 3773 1156 3850 poscentes

98 3875 263 3964 inspicere
290 3878 426 3961 possit),
454 3875 512 3940 sed
540 3875 630 3939 huno
655 3897 753 3960 quem
774 3873 916 3952 occupat
936 3867 1044 3932 locum
1067 3871 1169 3949 ipsis'

96 3978 303 4064 philosophis
325 3977 367 4042 de
388 3977 519 4041 familia
540 3979 713 4042 condenda
734 3970 972 4041 dissidentibus
994 3977 1029 4031 et
1039 3969 1153 4032 diver-

99 4097 149 4146 ιιι
177 4081 361 4175 sententias
388 4078 531 4142 Hesiodi
562 4081 766 4145 auctoritate
797 4070 1060 4139 defendentibus.
1088 4065 1152 4142 (V.
1225 4125 1226 4128 ,
