2786 4830
4 1817 9 2082 J
214 1945 241 2022 ὦ
267 1919 403 2044 nil-oe,
430 1951 476 2024 ori
496 1948 567 2046 yolo
587 1950 615 2022 τ’
636 1949 755 2040 iduor
776 1912 858 2047 dnn
881 1951 1007 2048 ζόφος

4 2085 6 2096 =
323 2129 330 2153 Ι
462 2053 544 2128 odd'
566 2053 648 2147 ὅπῃ
669 2052 759 2148 η’ώς.

69 2217 243 2324 Hesiodi
263 2265 399 2331 operum
422 2252 459 2312 ot
479 2247 610 2328 dierum
632 2245 811 2331 editiones,
833 2252 950 2336 quales
971 2235 1144 2318 hodieha·

3 2329 6 2448 ξ
71 2359 207 2435 bernus,
227 2355 296 2436 jaro
317 2351 377 2418 diu
398 2355 452 2414 est
478 2370 609 2436 exque
630 2354 707 2418 siun¹
724 2353 954 2438 indignatione
975 2355 1144 2438 inspicere

40 2472 45 2478 '
71 2480 142 2525 non
165 2475 350 2542 possumus.
395 2452 490 2530 Quae
507 2453 592 2534 inihi
611 2454 800 2538 indignatio
823 2453 909 2523 hanc
930 2459 1074 2522 extorsit
1093 2457 1144 2535 di-

3 2609 5 2634 ‚
71 2559 370 2646 spolationcularn.
418 2556 505 2622 Nam
534 2556 661 2621 licebat
685 2555 866 2638 subirasci,
895 2559 984 2640 qnod
1013 2540 1142 2622 inuete-

3 2662 5 2756 ξ
73 2671 174 2728 ratae
195 2668 324 2727 tantun
346 2658 421 2724 dori
444 2659 596 2742 opinioni
618 2653 867 2742 postulabatur,
890 2667 926 2723 ut
948 2659 1087 2725 confusa
1108 2667 1144 2724 et

3 2769 5 2792 ³
72 2767 277 2833 conturbata
306 2764 388 2828 bene
414 2765 448 2826 ct
474 2761 579 2844 plene¹
598 2761 781 2845 procedere
802 2759 1030 2849 crederemus:
1052 2761 1143 2846 quod

3 2854 4 2940 f
72 2871 208 2949 priscae
230 2866 414 2950 sapientiae
425 2869 636 2938 monumenta
646 2862 778 2927 helluli
789 2863 966 2929 sententiis
983 2863 1142 2929 brevibus

74 2992 143 3055 quc
164 2967 430 3034 narratiunculis
445 2967 603 3032 conclusa
612 2964 804 3032 adventicio
814 2965 980 3032 inculcato
992 2953 1144 3032 connexu

4 3103 5 3108 1
74 3075 126 3138 ita
150 3070 440 3158 deformabantur,
462 3080 499 3134 ut
518 3089 605 3153 quae
626 3089 701 3131 curn
722 3069 895 3152 voluptate
915 3068 984 3152 legi
995 3084 1141 3154 possent,

75 3175 108 3240 si
130 3179 226 3240 recte
246 3174 451 3256 legerentur,
479 3192 585 3256 paene
606 3169 758 3236 taediosa
785 3168 922 3254 fierent,
950 3191 1143 3258 omnemque

39 3329 43 3338 .
79 3278 284 3362 elegantium
312 3279 479 3340 exuerent.
527 3273 693 3357 Equidem
715 3292 789 3352 curn
812 3272 999 3354 complures
1021 3258 1143 3345 abhinc

78 3398 187 3446 annos
209 3377 474 3444 adolescentibus
494 3376 560 3442 hoc
582 3395 714 3442 carmen
738 3374 964 3456 explicaturus
986 3379 1144 3442 novariis
1248 3364 1252 3381 ¹

77 3490 115 3548 et
136 3483 281 3552 diversis
303 3481 522 3544 conturbarer
532 3479 742 3564 opinionibus
754 3477 826 3540 sola
842 3457 983 3561 Spohnii
996 3479 1145 3544 editione

81 3583 263 3668 adsumpta
288 3603 341 3646 me
373 3583 575 3648 insinuarem
603 3582 685 3644 illuc
713 3598 792 3642 rnox
820 3579 960 3643 videbor
980 3585 1144 3664 persentiss

82 3705 179 3752 scere
200 3685 282 3770 quid
309 3685 360 3750 rei
381 3693 485 3762 essct,
509 3692 541 3750 ct
561 3703 660 3768 quam
683 3702 725 3746 ex
746 3680 830 3764 ipsis
851 3683 1026 3750 sententiis
1046 3685 1145 3751 irnbi·

83 3789 201 3854 berarn
228 3788 446 3871 opinionem,
478 3807 519 3852 ea
551 3785 840 3852 observationibus
872 3785 1068 3867 quibusdam
1102 3788 1144 3856 de

84 3890 325 3958 sententiarum
345 3889 563 3956 adornatione
582 3894 702 3967 sponte
722 3885 843 3950 oblatis
864 3877 1061 3954 confirmata
1083 3905 1142 3958 est.

84 3992 132 4056 Et
158 3994 247 4058 sensi
268 3993 415 4060 sortasse
432 3993 571 4062 facilius
592 3993 634 4056 ob
655 3990 720 4062 hoc
740 3989 863 4070 ipsum,
892 3989 980 4072 quod
1002 3991 1144 4076 Spohnii

86 4095 265 4170 editionem
290 4096 507 4181 arripuerunt.
557 4095 621 4162 ille
648 4096 735 4160 euim
761 4089 827 4156 hoc
845 4110 951 4159 unum
972 4100 1008 4162 et
1034 4103 1144 4162 conti-

372 4226 373 4235 ,
837 4227 839 4235 ,
853 4194 922 4260 12*
