2774 4824
247 435 323 518 1'08

235 642 321 724 ,Ηοα
351 642 401 710 ita
427 637 558 708 firmum
585 643 658 726 est,¹
680 644 720 707 ut
740 639 776 725 ,εἰ
797 641 931 728 quando
953 658 1137 724 pronomen
1156 643 1252 710 nulle
1272 645 1312 714 si·

242 745 473 830 gnificeticnis
493 745 530 808 vi
553 745 739 829 praeditum
761 744 842 811 sede
865 765 926 810 sne
946 742 1107 816 licentius
1124 752 1256 812 mutata
1269 749 1312 813 lo·

243 850 320 912 cnm
347 849 568 934 principalem
588 855 750 932 occupat,
772 849 808 912 in
830 847 1135 912 orthotonumenon
1158 855 1309 916 transeat.

242 948 336 1016 ilinc
360 951 590 1034 compluribus
621 951 764 1016 Homeri
794 950 903 1031 locis,
926 949 1049 1031 quibus
1069 969 1131 1033 per
1151 951 1312 1034 significa-

241 1054 366 1118 tionem
394 1051 536 1118 formom
564 1054 757 1138 inclinatam
786 1055 983 1136 exspectes,
1005 1051 1193 1120 discretive
1213 1053 1313 1119 forma

151 1154 155 1166 ⁴
242 1131 420 1239 explicata.
465 1156 524 1221 Sic
545 1157 581 1220 in
602 1155 671 1230 illo,
693 1155 723 1230 i,
745 1156 796 1233 91,
818 1145 905 1241 ἦλθε
927 1147 957 1219 d'
979 1146 1036 1219 ἐπὶ
1056 1151 1146 1244 ψυχὴ
1172 1151 1313 1242 Θηβαίου

244 1252 429 1343 Τειρεσίαο,
449 1251 588 1344 χρύσεον
609 1259 777 1344 σκῆπτρον
798 1253 891 1340 ἔχων,
914 1252 973 1338 ἐμὲ
995 1249 1025 1322 d’
1049 1252 1131 1342 ε”γνω
1153 1255 1211 1324 καὶ
1222 1282 1311 1344 προς-

241 1355 371 1441 εἐιπεν,
400 1358 491 1442 quod
518 1361 549 1423 si
577 1379 621 1424 ex
648 1360 896 1444 significatione
922 1358 1215 1426 iudicandumest
1235 1361 1311 1425 nihil

241 1461 348 1527 ‹listat
381 1463 424 1527 ab
450 1463 532 1543 illo,
554 1461 592 1544 λ,
616 1465 678 1528 470
700 1455 782 1546 ἔγνω
804 1457 842 1528 dd
862 1452 953 1552 ψυχή
973 1484 1017 1545 με
1039 1454 1213 1538 ποδώκεος
1232 1457 1310 1527 Αἶα-

240 1557 349 1630 κίὀαο.
377 1564 488 1649 ΔροΙΙ.
516 1583 612 1646 pron.
642 1565 695 1630 49.
723 1565 776 1630 54.
798 1563 839 1628 Α.
861 1568 952 1648 synt.
976 1563 1054 1629 1295
1075 1564 1149 1632 146.
1193 1565 1311 1628 Eodem
1370 1641 1371 1644 χ

240 1665 350 1732 refert
379 1667 434 1743 Λ,
458 1667 528 1733 695
552 1657 649 1731 ταῦθ’
672 1657 957 1754 ὑπερηφανέοντες
974 1657 1099 1732 mnam
1118 1660 1312 1748 χαλκοχίτω-
1370 1699 1371 1708 ¹

239 1759 665 1854 νες,ἡμέαςὺβρίζοντες,
693 1761 874 1834 ἀτάσθαλα
895 1760 1116 1853 μηχανόωντο.
1151 1767 1224 1834 Alii
1244 1769 1311 1832 loco

148 1866 156 1892 ”
240 1867 425 1936 Homerico
438 1871 474 1936 id
486 1870 626 1935 adhibet
646 1890 742 1955 pron.
762 1871 846 1951 138,
868 1875 904 1934 et
924 1874 1060 1954 praeter
1079 1870 1164 1960 elias
1177 1871 1312 1942 rationes

239 1969 307 2037 hoc
334 1993 471 2058 qnoque
493 1973 565 2055 illi,
589 1975 647 2058 qui
669 1970 873 2039 Aristarcho
895 1972 1123 2038 intolerabilis
1145 1973 1253 2050 visus,
1280 1967 1311 2051 li,

238 2077 281 2146 64
308 2076 388 2156 νῆας
416 2066 630 2162 ἀρχεκάκους,
660 2068 701 2139 αἳ
717 2075 805 2141 πᾶσι
826 2070 926 2139 κακὸν
950 2077 980 2136 T
979 2067 1102 2162 peiraco
1120 2072 1251 2160 γένοντο
1276 2063 1314 2138 Oi
1370 2103 1371 2134 l

237 2167 266 2239 τ’
296 2167 401 2262 αὖτῷε
428 2175 522 2262 quod
548 2179 629 2241 item
657 2175 874 2242 Herodianus
895 2176 983 2244 fecit
1005 2175 1038 2243 h.
1062 2176 1132 2252 l*].
1176 2178 1222 2242 Et
1241 2177 1307 2240 loco

240 2275 414 2342 Hesiodeo
447 2297 500 2356 op.
535 2279 577 2344 56
610 2275 689 2365 σφὶν
721 2272 752 2344 d’
786 2271 899 2356 adroic
929 2275 1016 2366 μέγα
1047 2279 1164 2366 πῆμα,
1200 2300 1229 2362 ρ.
1256 2279 1310 2344 145

240 2377 303 2456 (cf.
333 2379 546 2462 Epimerism.
581 2380 692 2446 Crem.
725 2379 761 2463 1,
789 2381 885 2457 3883:
908 2383 965 2446 ubi
989 2382 1080 2467 quod
1100 2383 1150 2446 ite
1170 2380 1310 2468 loquitur
1369 2399 1370 2470 l

239 2473 329 2558 „iord
351 2477 413 2568 γὰρ
431 2472 592 2558 Ἡσιόδου
613 2479 647 2550 ἐν
669 2476 754 2568 ὀρχῇ
773 2485 912 2550 τεθεῖσα
933 2476 1077 2569 εὐλόγως
1097 2475 1309 2570 ὥρθοτονὴθη
1369 2481 1370 2532 i

239 2579 282 2650 ἐν
309 2580 456 2671 τρίτῳ,
486 2581 565 2672 σφὶν
589 2577 618 2652 d'
643 2579 756 2663 αὐτοῖς
775 2583 861 2672 μέγα
883 2587 1020 2673 σῆμα,“
1043 2585 1172 2652 diserte
1193 2585 1308 2650 addens

238 2681 273 2750 ἐν
298 2684 418 2774 τρίτῳ,
448 2707 516 2757 non
542 2691 671 2754 temere
700 2686 827 2754 sactum
854 2690 1026 2774 suspicor,
1048 2688 1110 2752 sed
1131 2687 1238 2754 fuisse
1257 2684 1307 2770 qni

239 2787 306 2852 hoc
336 2783 416 2876 σφίν
446 2809 509 2874 pro
539 2781 617 2872 ὑμῖν
642 2789 872 2876 accipiendum
900 2790 1133 2856 defenderent.
1160 2827 1203 2838 -
1224 2790 1306 2854 Hinc
1368 2863 1369 2868 χ

239 2889 339 2954 etiam
365 2912 432 2972 τις,
461 2892 497 2955 in
524 2890 789 2976 interrogatione
816 2893 930 2958 sedem
958 2893 1179 2977 principalem
1201 2896 1306 2978 postu·

238 2969 331 3070 rins,
352 2990 393 3057 fit
413 2981 715 3060 orthotonomenon
738 2999 830 3080 synt.
854 2997 935 3075 135,
957 2999 989 3060 5.
1015 3029 1052 3042 -

269 3132 272 3136 .
323 3092 367 3159 11.
393 3095 437 3176 T,
469 3096 533 3162 237
562 3103 615 3164 est
634 3091 813 3186 Πάτροκλέ
832 3117 893 3181 μοι
920 3095 1018 3185 δειλῇ
1043 3095 1199 3206 πλεῖστον
1219 3117 1305 3178 κεχα-

1367 3305 1368 3344 l

304 3380 332 3445 *l
349 3381 383 3437 1ο
392 3382 545 3441 Herodieni
563 3392 627 3440 octa
645 3393 708 3440 ante
725 3381 825 3449 ὅμοιον
841 3387 896 3440 tale
913 3387 982 3456 quid
1000 3387 1107 3444 excidit
1127 3386 1180 3444 riu
1197 3385 1229 3443 di
1245 3399 1302 3440 σον·
1367 3373 1368 3456 l

237 3466 414 3535 lutulentam
435 3486 460 3524 v.
480 3471 574 3537 Apoll.
592 3488 673 3540 pron.
692 3477 734 3530 54
753 3473 779 3526 Α
799 3479 826 3526 et
842 3473 947 3528 Herod.
970 3475 1007 3539 O,
1025 3477 1086 3532 226.
1120 3471 1204 3546 Apud
1222 3470 1303 3540 Apol·
1367 3459 1368 3489 ¹

238 3553 344 3608 lonium
361 3555 390 3608 in
408 3556 460 3609 hac
476 3556 664 3624 disputatione
682 3558 717 3610 de
728 3544 814 3626 pron.
834 3562 876 3615 54.
895 3559 922 3613 Α
940 3555 984 3612 ὅτε
1000 3555 1098 3632 βαρεῖά
1115 3557 1189 3614 ἔστιν
1206 3557 1222 3626 ἡ
1240 3555 1305 3617 ὀξεῖα

237 3639 293 3707 leg.
315 3639 346 3700 ἐξ
366 3637 467 3708 ὀξείας,
489 3652 517 3695 et
534 3659 561 3710 p.
581 3643 623 3698 m.
658 3641 685 3695 Α
704 3642 814 3698 videtur
831 3643 899 3695 mihi
916 3643 1065 3712 scripsisse
1082 3641 1145 3706 ὢςεὶ
1162 3641 1247 3708 νόμον
1261 3645 1304 3692 θε-

235 3727 337 3786 μένους
353 3721 383 3784 τό
400 3727 525 3781 τοιοῦτον
542 3722 579 3785 ὡς
595 3722 807 3797 ἄπαντὲγνωσμα
824 3727 870 3781 δεῖ
885 3766 893 3783 .
911 3765 918 3780 .
937 3767 946 3782 .
964 3761 972 3781 .
1008 3731 1119 3800 Operae
1136 3731 1253 3798 pretinm
1269 3731 1305 3778 est
1366 3759 1367 3774 .

111 3829 119 3841 ¹
236 3816 265 3862 et
291 3808 319 3861 ir.
345 3809 364 3863 l.
392 3819 420 3865 et
444 3811 474 3866 in
500 3820 558 3866 tota
584 3812 619 3866 de
641 3811 740 3866 enclisi
762 3812 889 3868 doctrine
906 3812 1061 3868 Herodieni
1079 3831 1141 3868 cum
1159 3808 1303 3884 Apollonio
1366 3827 1367 3850 i

236 3907 399 3947 consensum
425 3897 660 3962 animadvertere,
686 3897 734 3963 qui
757 3898 792 3950 ed
815 3898 878 3968 ipse
902 3915 988 3965 paene
1014 3901 1100 3954 verba
1121 3907 1303 3963 nonnunqum

237 3977 364 4044 pertinet.
397 3981 441 4052 v(ll.
460 3991 569 4052 praeter
587 3992 708 4036 nostrum
727 3983 817 4036 locum
837 3983 958 4060 maxime
975 3982 1044 4038 ller.
1061 3985 1101 4049 Δ,
1119 3987 1137 4042 2
1154 4001 1214 4037 cum
1223 3976 1302 4050 Apol·

165 4111 174 4153 !
235 4078 282 4116 on.
310 4073 384 4134 synt.
412 4071 474 4133 145,
504 4071 606 4126 15-2o
630 4079 657 4123 et
675 4083 755 4136 pron.
774 4071 817 4127 53.
835 4070 871 4124 V.
889 4069 972 4126 etiam
989 4069 1057 4128 ller.
1076 4073 1116 4138 K,
1134 4068 1237 4132 wel.
1254 4065 1302 4130 ΑΡ·
1324 4109 1336 4126 .

233 4156 308 4252 synt.
329 4154 390 4217 141,
408 4155 432 4208 2.
1057 4198 1060 4206 ,
1365 4179 1366 4184 ¹
