2824 4820
81 1859 133 1961 P
135 1892 242 1962 rodiit
275 1912 384 1978 nuper
408 1893 527 1962 Caroli
548 1865 672 1962 Becirii
699 1892 853 1977 libellus,
880 1915 949 1982 qno
968 1896 1093 1961 incerti
1115 1885 1174 1960 au·

83 2011 197 2076 ctoris
229 2017 423 2096 poemation
454 2014 499 2081 ad
541 2013 764 2100 Calpurnium
807 2013 969 2082 Pisonem
1009 2017 1174 2101 serpitum

80 2111 195 2178 Statio
228 2117 575 2200 vindicarentuduit.
624 2120 674 2184 Et
700 2121 857 2203 quamvis
885 2118 1012 2194 sintin
1035 2139 1076 2186 eo
1098 2139 1176 2182 car·
1225 2203 1230 2207 ff

81 2217 197 2298 mineq
215 2239 301 2304 quae
323 2223 419 2287 iiiam
439 2223 667 2306 suspicionem
690 2241 829 2286 movere
851 2205 1001 2306 possint,
1025 2231 1196 2286 attamen

79 2321 216 2404 aliquid
240 2327 401 2388 absonum
422 2325 465 2390 ab
488 2324 602 2389 Statio
624 2324 803 2408 percipere
827 2323 982 2391 videbar.
1026 2325 1178 2390 Necfai-
1258 2382 1261 2387 .

81 2444 141 2489 sus
171 2446 275 2506 eram.
327 2427 415 2492 Nam
445 2416 589 2510 primurn
621 2445 759 2492 caesura
782 2433 859 2510 post
883 2429 1026 2510 primum
1050 2429 1175 2512 dacty-

80 2527 152 2592 lum
177 2536 336 2614 aequente
359 2531 488 2594 maiore
511 2549 617 2612 patrna
639 2507 916 2616 (idwquod'npnd
939 2532 1033 2594 aurei
1045 2532 1175 2594 saeculi

80 2636 207 2718 poetas
236 2623 446 2696 reiissimum
475 2650 550 2696 esse
577 2629 731 2708 uidetur)
759 2636 794 2696 et
815 2629 905 2713 apud
928 2629 1018 2698 huno
1040 2641 1173 2717 poetam
1258 2623 1259 2626 '
1294 2654 1296 2671 ·

80 2746 116 2804 et
139 2733 232 2820 apud
254 2735 489 2817 Statium-non
512 2753 591 2798 raro
615 2733 804 2808 invenitur,
828 2734 876 2796 ite
898 2739 1010 2796 tamen
1033 2742 1069 2796 ut
1097 2753 1173 2797 oum

76 2841 136 2908 his
159 2839 402 2906 260*vorsibus
414 2835 578 2903 eiusmodi
602 2836 768 2920 exempla,
791 2837 821 2926 ei
842 2835 986 2921 iargiter
1007 2856 1175 2920 numeres,

81 2943 212 3030 viginti
240 2943 411 3017 invenias,
442 2941 531 3025 apud
560 2938 707 3004 Statium
735 2938 892 3024 equidem
922 2938 1069 3004 diversis
1092 2960 1172 3024 ope-

79 3069 156 3113 rum
190 3046 362 3130 partibun
385 3045 460 3128 pari
492 3062 633 3106 numero
658 3058 823 3108 ‘versuum
854 3041 899 3106 ad
921 3043 1088 3106 caleulum
1111 3065 1174 3109 vo·
1218 3061 1221 3064 ·

79 3157 162 3216 cato
204 3140 274 3212 non
295 3146 407 3214 ‘senile
437 3146 532 3228 citra,
554 3147 676 3230 viginti
705 3153 783 3218 octo
811 3145 980 3216 eiusmodi
1013 3165 1173 3215 caesuras

78 3251 294 3332 invenerim,
327 3251 418 3314 ultra
449 3250 591 3334 triginta
622 3237 696 3312 non
724 3267 815 3314 raro.
869 3241 1007 3313 Deinde
1038 3248 1075 3313 hi
1108 3251 1174 3316 26⁰
1263 3333 1270 3342 μ

76 3377 222 3436 versuo,
246 3353 276 3417 si
299 3354 476 3437 exceperis
497 3370 657 3432 „necesse
680 3353 752 3417 est“
773 3371 807 3416 v.
830 3353 872 3430 14
894 3355 929 3415 et
949 3357 1173 3438 „quareuage“

35 3482 39 3498 ·
67 3484 109 3530 u.
134 3459 203 3526 259
226 3455 380 3520 nullam
402 3454 555 3544 habent
577 3455 815 3531 elisionem,
839 3454 947 3537 unde,
970 3477 1173 3541 quamquam

76 3586 147 3631 nou
171 3563 257 3627 hinc
278 3560 386 3624 solum
409 3579 488 3624 esse
503 3560 675 3641 arbiteor,
697 3576 827 3626 summa
848 3563 902 3622 est
923 3578 989 3642 qua
1002 3557 1077 3623 ‘hoo
1099 3577 1172 3623 car-

79 3691 158 3735 men
182 3651 324 3730 auribus
347 3649 521 3726 blanditor
542 3667 707 3731 suavitas:
729 3667 767 3727 at
789 3657 890 3726 Statii
912 3663 1063 3727 carmina
1085 3681 1171 3746 quo-

79 3766 335 3855 cunque'ioco
375 3765 566 3848 evolveris,
599 3765 799 3832 elisionibus
829 3781 933 3847 perce
966 3785 1062 3830 usum
1096 3785 1171 3846 esse
1257 3831 1258 3844 ,

78 3890 252 3959 nusquam
274 3868 437 3948 invenies.
758 3955 768 3964 .
1064 3875 1065 3879 ’

167 3975 265 4042 Hinc
301 3973 546 4048 certissimum,
585 3969 672 4036 ilino
711 3969 905 4057 poematiqn
948 3969 1058 4037 Statio
1101 3992 1169 4038 non

83 4101 187 4188 posse
210 4075 365 4144 attribui.
476 4102 486 4110 -·
964 4067 967 4075 ¹

544 4169 716 4190 m

852 4155 1017 4276 'no'

227 4412 234 4442 t
