2806 4826
955 429 963 449 ’
1102 426 1159 478 pfl
1173 463 1182 476 .

77 637 144 692 nos
167 613 303 690 adhuc.
332 635 382 688 ea
414 611 664 712 simplicitate
689 635 839 692 morum
866 621 1070 694 uteremur
1094 629 1157 694 ea-

77 761 154 836 que
192 731 391 815 hilaritate
426 731 562 826 animi,
586 757 672 832 qua
696 734 792 810 olim
818 734 860 811 in
886 733 1160 837 Carnlprivio·
1277 765 1286 798 s

75 882 179 931 rum,
197 852 363 929 ludicris
398 852 525 928 Deum
557 852 682 952 ipsum
706 855 934 935 inscensu
959 855 1161 956 prodeuu«

76 989 152 1052 tem
166 973 402 1075 spectabant,
431 984 567 1072 posset.
576 974 714 1072 aliquis
728 975 900 1074 lepidum
915 975 1163 1056 comoediam.

74 1105 318 1197 componore
331 1093 384 1168 de
411 1093 498 1168 Deo
525 1119 546 1170 a
572 1091 719 1170 Critic'a
745 1095 820 1174 sibi
845 1097 1023 1180 umente.
1056 1094 1157 1182 sed

68 1207 161 1290 'sunt
199 1215 316 1292 etiam
356 1213 438 1313 qui.
463 1212 628 1290 humani·
648 1216 805 1314 generis
830 1238 1019 1315 proceres
1045 1216 1158 1316 quasi

40 1402 42 1413 .
71 1360 112 1408 ac
141 1333 340 1434 primores
373 1335 468 1410 item
502 1335 771 1436 superstitiose
796 1335 945 1430 colant,
970 1335 1154 1414 vidimus·

73 1479 148 1552 que
184 1453 253 1554 qui
285 1452 418 1532 Wolfii
452 1479 540 1534 ausa
570 1465 659 1532 n'on
675 1455 783 1554 quod
796 1468 983 1542 erratum
1009 1457 1159 1534 scirent·

72 1574 137 1647 scd
178 1573 296 1672 quod'
321 1575 519 1675 piaculum
539 1575 753 1652 admissum
779 1584 966 1675 putarent
990 1578 1167 1677 perime·-

16 1795 18 1800 ῃ
66 1703 280 1772 rescerent.
345 1693 415 1768 Est
439 1692 563 1791 igitur
589 1695 694 1792 quod
721 1695 932 1792 gaudeam,
964 1696 1155 1796 quitmihi

16 1827 17 1830 ’
64 1837 176 1886 nuno
204 1810 584 1910 discerpendusiuit,
609 1811 823 1886 Hesiodum
838 1815 947 1906 (nam
970 1827 1083 1894 taceo
1102 1818 1156 1894 de

61 1929 328 2022 Monethoue,
353 1927 590 2028 proletario)
603 1931 651 2003 nd
678 1928 846 2029 primam
865 1935 1156 2034 ‘certeclassem
1185 2015 1189 2030 ,

61 2050 266 2151 adspirare.
300 2072 391 2122 nun»
427 2045 566 2123 videri.
623 2048 743 2124 Haec
781 2062 909 2129 nostra
945 2079 1011 2130 aro
1029 2039 1155 2155 qualis

64 2168 250 2246 exstitura
276 2180 378 2244 esset
396 2167 594 2266 praescius
622 2167 746 2244 futuri
762 2170 957 2248 divinavit
969 2177 1155 2278 Orplrcus

64 2313 187 2388 eaque
226 2287 367 2378 sabula,
393 2311 506 2384 quam
535 2287 588 2360 de
630 2287 782 2384 Zagreo
820 2293 1013 2388 exhibuit,
1053 2295 1164 2374 scite

63 2405 395 2506 praemonstravit.
460 2403 554 2480 Nam
589 2403 770 2498 Titanes,
797 2432 818 2482 a
844 2411 1057 2488 cruciando
1083 2443 1151 2492 ve.
1227 2432 1234 2441 ·

65 2525 267 2626 randoquc
294 2523 413 2617 dieti,
454 2523 615 2623 Zagrea,
652 2525 788 2600 viuum
815 2552 978 2627 corpus,
1004 2533 1151 2620 dileco.

64 2657 184 2738 rant,¹
206 2669 279 2741 cor
317 2655 446 2720 autem
471 2655 726 2742 mentemque
747 2644 996 2746 relinquunt:
1022 2654 1149 2752 posim
1253 2728 1260 2741 ,

66 2771 101 2841 di
121 2767 265 2863 κραδίῃ
286 2769 404 2860 scepsis
425 2766 545 2846 λίπονς
571 2765 677 2862 quod
703 2765 887 2864 proditur
920 2768 1068 2848 diserte
1094 2778 1148 2852 fa·

65 2897 166 2980 ctum
206 2913 290 2992 esse
328 2888 476 2980 προνοίᾳ
496 2892 556 2975 τῆς
573 2883 737 2978 Ἀθηνᾶς,
776 2885 802 2960 i.
843 2912 877 2963 c.
915 2913 991 2988 per
1022 2903 1146 2974 artem

64 3007 247 3084 criticam.
280 3072 282 3082 ,
312 3005 487 3093 Hesiodo
523 3015 593 3094 coir
617 3016 870 3104 mentemque
894 3031 972 3083 non
998 3025 1143 3094 tanturn

66 3127 240 3202 relictum
281 3151 364 3201 esse
403 3127 596 3218 arbitror,
617 3124 706 3199 *sed
744 3149 848 3200 nunc
886 3125 1039 3206 demum
1071 3133 1143 3212 illo
1235 3192 1241 3205 .

63 3247 203 3322 animus
244 3247 383 3321 laetius
424 3269 466 3321 se
506 3243 653 3320 efferre
675 3243 827 3321 risus..
857 3243 948 3339 Sic,
974 3248 1141 3352 inquam,

62 3364 148 3440 mihi
175 3368 302 3444 visum
327 3377 405 3442 cst:
433 3365 586 3440 iacilem
613 3366 793 3463 profecto
819 3365 1068 3469 docilemque
1082 3375 1140 3449 in-

61 3485 236 3576 venient,
262 3486 486 3585 quicunque
511 3484 611 3574 mihi
630 3485 862 3579 rationibus,
888 3511 965 3561 non
979 3491 1139 3590 religio.

60 3603 163 3679 nibus
191 3598 510 3682 adversabuntur.
562 3605 663 3684 Sunt
688 3605 791 3680 enim
838 3617 1002 3704 praeter
1025 3593 1026 3596 ¹
1048 3611 1138 3692 illos

59 3723 125 3798 alio
151 3725 268 3800 modo
295 3726 575 3824 superstitiosi,
601 3724 853 3800 traditionem
879 3724 1024 3801 litteris
1045 3755 1137 3810 con.

53 3841 228 3918 firmatam
279 3845 583 3947 opinionemque
632 3855 809 3945 tempore
850 3845 1139 3931 corroboratam

59 3966 217 4038 omnium
252 3965 524 4041 sanctissimum
564 3974 680 4064 atque
715 3959 1042 4062 religiosissimum
1069 3973 1133 4048 ha.

19 4117 23 4168 μ
59 4077 207 4177 bentes,
234 4077 481 4161 immemores
507 4084 585 4180 illi,
612 4085 803 4174 Aeonem,
833 4106 948 4180 quem
973 4085 1133 4178 Nonuus
