2806 4826
186 404 266 470 ‘vr

225 616 354 682 essent
387 606 429 681 in
462 605 626 704 reliquis
654 601 1005 697 dissertationibus,
1031 603 1156 678 multa
1181 603 1223 682 in
1249 631 1311 681 se-

223 729 359 803 cunda.
412 729 507 805 Nam
533 727 564 804 si
592 753 637 802 ea
664 725 725 800 via
734 779 747 817 ,
772 747 887 822 quam
912 722 978 798 hic
1004 722 1198 824 ingressus
1211 752 1307 821 sum,

222 872 372 924 omnem
399 841 578 926 veterum
604 847 822 922 doctrinam
849 843 901 918 de
928 855 1114 938 accentu,
1149 847 1203 921 de
1228 850 1308 948 spi-

220 968 322 1064 ritu,
348 971 400 1045 de
426 968 567 1062 tmesi,
584 969 635 1044 de
662 965 942 1066 orthographia
965 964 1179 1042 Homerica
1213 993 1307 1068 per-

220 1091 332 1188 sequi
357 1088 584 1190 potuissem,
612 1082 653 1178 et
678 1086 976 1162 instrumentum
1011 1084 1126 1162 huius
1157 1088 1307 1166 doetri-

219 1235 292 1285 nae
318 1237 507 1310 parassem
534 1210 710 1287 omnibus
736 1206 1048 1306 acceptissimum
1075 1215 1116 1281 et
1139 1209 1308 1308 Aristar-

219 1331 345 1406 cheae
369 1329 677 1434 praeparationis
702 1327 1031 1427 complementum
1065 1328 1161 1406 mihi
1192 1355 1305 1430 quam

219 1452 382 1534 maxime
409 1451 676 1529 necessarium.
729 1448 841 1524 Haec
867 1474 971 1524 nunc
997 1451 1183 1530 omittere
1217 1477 1306 1528 coa-

217 1583 316 1648 ctus.
330 1573 505 1648 solatium
532 1569 728 1671 quaesivi,
754 1569 862 1669 quod
887 1569 948 1645 his
974 1569 1162 1670 proximis
1197 1572 1305 1648 annis

218 1703 262 1767 et
296 1691 483 1792 quaedam
521 1693 598 1792 iam
623 1690 798 1792 'vulgata
833 1689 1006 1797 subsidia
1054 1691 1302 1791 expeditiora
1400 1695 1401 1698 ’

216 1813 304 1889 fore
343 1811 570 1887 confidimd's
608 1821 650 1887 et
680 1833 787 1884 nova
812 1833 1015 1886 accessura
1024 1857 1044 1904 ,·
1062 1814 1204 1911 partim
1228 1837 1302 1910 per
1396 1877 1397 1884 ,

217 1932 443 2009 Crumerum
483 1933 630 2032 ipsum,
664 1932 811 2030 partim
842 1955 918 2028 per
948 1931 1043 2036 alios
1068 1931 1302 2006 meritissimi

114 2133 118 2142 ,
214 2053 294 2130 viri
332 2079 512 2130 successu
550 2063 593 2126 et
629 2050 810 2126 laudibus
844 2031 1043 2124 excitatos.
1095 2049 1175 2129 Qui
1200 2050 1304 2124 iuud

213 2199 437 2289 persuasum
450 2171 638 2276 habeant,
664 2169 859 2280 quidquid
872 2165 1069 2242 elusmodr
1081 2185 1304 2242 monumen
1398 2172 1402 2197 ¹

166 2387 167 2390 Ἴ
213 2307 344 2369 torum
371 2301 613 2391 protractum
635 2290 816 2365 suerit
785 2315 819 2366 sr
844 2290 961 2387 quis
945 2285 1164 2366 fastidiose
1199 2290 1303 2366 acci-

141 2443 145 2451 ·
212 2413 297 2516 piat
280 2413 427 2493 thunc
452 2411 512 2485 uti
545 2407 710 2486 nescire.
1260 2431 1263 2440 ·

240 2531 431 2613 :Quod
469 2527 612 2605 olim
599 2551 642 2602 ιιι
667 2527 898 2606 scholastico
934 2525 1075 2606 libello
1102 2529 1302 2605 edideram
1401 2587 1402 2618 2

101 2721 105 2736 .
191 2653 513 2752 ,Quaestionum
541 2647 740 2748 epicarum
765 2648 966 2747 specimen
985 2648 1208 2748 primum,“
1222 2677 1302 2748 quo
1401 2703 1402 2746 3

209 2775 286 2853 viri
310 2772 469 2873 quidam
495 2768 603 2866 docti
629 2767 837 2861 adierunt,
863 2769 906 2841 in
930 2767 1006 2842 hac
1032 2771 1201 2845 secunda
1226 2769 1304 2844 dis.

212 2893 423 2972 sertatione
449 2891 569 2968 inest:
595 2915 697 2988 quae
708 2890 900 2988 pleraque
912 2891 1162 2964 retractanda
1176 2902 1301 2987 erant,

210 3019 265 3092 eri¹
284 3039 364 3115 quo
388 3011 552 3089 Venetis
577 3009 748 3086 scholiis
773 3010 922 3096 rectius
947 3006 1007 3083 uti
1032 3008 1248 3122 didicimus.

311 3134 442 3209 Lubet
502 3130 693 3231 quaedam
750 3130 804 3206 de
855 3128 974 3206 tertia
1026 3129 1298 3206 dissertatione

210 3256 417 3334 subiicere.
1224 3241 1227 3246 ’
1290 3270 1293 3280 ·
1401 3235 1402 3252 ἶ

309 3375 355 3451 Si
394 3370 481 3474 quis
506 3369 626 3447 hodie
674 3353 720 3446 ut
760 3355 1003 3471 A'eschyleus
1041 3367 1299 3446 Prometheus

207 3497 308 3570 bona‘
332 3492 562 3570 hominibus
580 3490 783 3590 impertita
809 3500 1037 3566 recenseret
1049 3523 1073 3584 ,·
1087 3489 1192 3566 illam
1206 3513 1297 3590 pro·¹
1401 3499 1402 3568 i

205 3619 332 3692 rectove*
349 3615 510 3716 ᾆιιάιὶτων
530 3612 757 3722 μσυσομὴτορι
783 3611 955 3713 ἑργᾶνην,’
974 3609 1155 3685 'criticam
1194 3611 1297 3704 dico,-
1381 3620 1385 3628 '

204 3735 674 3838 non'praetermittereti
696 3734 931 3834 praesertim
956 3717 1044 3806 dum
1077 3733 1206 3832 prisca
1241 3741 1298 3804 at-

129 3872 132 3880 '
204 3883 282 3957 que
321 3856 477 3934 exoleta
507 3849 760 3957 superstitio,
792 3838 872 3954 'qua
909 3853 1046 3963 Jovem
1082 3853 1207 3951 ipsum
1246 3851 1298 3926 ab

202 3981 400 4056 hominum
426 3975 677 4054 facultatibus·
699 3974 774 4050 sibi
798 3983 976 4050 metuere
1003 3971 1228 4063 credebant,
1253 3968 1298 4044 in

205 4125 252 4175 ea
292 4091 383 4176 rate³
423 4098 500 4175 hoc
516 4119 520 4128 ’
538 4122 635 4176 aevo
661 4095 849 4173 revixisse
875 4096 1070 4175 videatur.
1123 4091 1301 4216 Quodsi
