2774 4824
248 309 298 390 ὥ

305 546 316 552 -·
333 511 373 576 Ιιι
405 509 470 580 lino
502 510 606 598 igitur
620 521 713 578 uota
740 509 839 576 siruul
866 507 910 576 de
936 509 1134 578 Ptolemaeo
1154 513 1306 581 indicium

239 619 301 687 ‚est
327 619 406 696 post
432 612 628 697 pendentem
657 610 841 696 genitivum
868 612 965 678 illurn
996 634 1062 680 non
1092 617 1200 700 magis
1220 637 1308 702 quum
1370 651 1371 692 r

249 713 479 784 Herodianum
511 713 641 781 retrahi
671 715 819 782 uoluisse
851 721 1037 782 accentum.
1088 717 1186 786 Addo
1214 719 1255 786 do
1274 739 1308 784 eo

249 817 349 884 etde
369 817 550 903 Pamphilo
572 817 803 884 testimonium
825 817 869 882 ad
890 817 938 898 B,
961 819 1036 886 52³.
1133 869 1140 876 .

332 954 420 1018 Cum
445 945 542 1018 ne‘ii
563 950 724 1036 quidem
745 953 803 1035 qui
824 956 903 1036 post
923 953 1125 1020 adiectivum
1146 960 1308 1020 accentum

239 1061 479 1136 ¹retraxerunt,
511 1055 604 1119 idern
633 1052 781 1119 fecerint
803 1060 882 1140 post
903 1055 1107 1140 genitivum,
1129 1055 1197 1122 hoc
1217 1057 1309 1122 multo
1370 1141 1371 1144 Ἴ

216 1159 233 1169 ”
251 1161 362 1224 miurus
384 1160 483 1223 etium
506 1157 550 1220 de
568 1152 979 1223 Aristarcho'vorisimile
1002 1165 1054 1222 est
1065 1159 1112 1236 ').l
1152 1157 1227 1237 Nee
1247 1164 1312 1242 puto

251 1260 353 1325 aliter
374 1259 523 1342 intelligi
544 1245 644 1343 posse
666 1257 756 1342 quod
778 1265 829 1323 est
851 1260 940 1343 apud
951 1260 1183 1324 Herodianum
1194 1261 1238 1334 B,
1251 1261 1311 1326 52³·
1370 1283 1371 1306 ³

245 1355 454 1449 Ἀρίσταρχος
486 1362 556 1438 τοῖς
590 1357 801 1447 κυριωτέροις
829 1359 1009 1428 συνέτασσε
1041 1358 1100 1440 τὰς
1126 1359 1310 1447 προθέσεως
1370 1379 1371 1444 3

241 1483 327 1527 num
366 1463 401 1526 in
436 1461 602 1526 eiusmodi
632 1464 884 1579 constructione
912 1461 948 1526 id
977 1463 1066 1547 quod
1091 1465 1180 1548 regit
1203 1463 1311 1545 geniti·
1369 1461 1371 1514 ῗ

237 1582 346 1644 Ιιιιυι,
368 1565 403 1628 ni
426 1561 548 1645 fallor,
570 1555 768 1650 κυριώτερον
790 1565 856 1628 erit
876 1583 974 1649 quam
996 1566 1171 1646 genitivus
1192 1583 1312 1650 suspen·

251 1669 320 1732 έιιέ.
341 1665 438 1731 Sed
466 1683 550 1768 opus
573 1667 624 1728 est
644 1663 840 1729 adscribere
860 1665 953 1730 illam
977 1665 1169 1732 Herodiaui
1191 1673 1310 1732 notam:

249 1767 358 1856 πηγῆς
389 1765 448 1834 ἐπι
475 1743 660 1855 Κηφισοῖο)
686 1765 899 1850 Πτολεμαῖος
926 1761 1133 1890 ἀναστρέφει
1153 1793 1208 1835 και
1198 1760 1312 1850 Πέμ-

253 1874 363 1958 φιλας.
412 1863 571 1948 Ἀλεξίων
602 1861 777 1934 συντέσσοι
805 1869 847 1956 τῇ
873 1871 984 1957 γενικῇ
1009 1867 1068 1956 τὴν
1090 1855 1253 1959 πρόθεσιν
1269 1863 1314 1932 καὶ

253 1966 315 2038 οὖν
341 1968 557 2097 ἃναρτρέφει·
599 1963 815 2056 Ἀρίσταρχον
842 1967 879 2036 δέ
905 1973 976 2048 τοῖς
1001 1969 1215 2059 κυριωτέροις
1240 1965 1314 2037 nori

244 2090 357 2138 ’τασσο
377 2071 437 2149 τὰς
458 2067 651 2158 προθέσεις.
686 2071 787 2147 Quod
813 2070 879 2135 hoc
892 2074 914 2138 l.
938 2075 1107 2157 genitivus
1128 2091 1317 2156 nomenpro·

253 2175 364 2260 prium
394 2179 446 2240 est
472 2173 510 2237 id
538 2170 622 2236 mihi
644 2171 731 2236 nihil
754 2174 919 2238 interesse
941 2177 1052 2238 uisum
1075 2195 1140 2241 nec
1163 2197 1205 2243 eo
1224 2181 1313 2240 teten-

255 2275 347 2339 disse
385 2280 480 2338 ratus
521 2292 594 2337 sum
633 2272 864 2340 Herodianum
872 2301 884 2356 ,·
922 2276 1005 2361 quid
1044 2280 1133 2343 enirn
1168 2281 1314 2342 interesse

150 2369 153 2374 ’
248 2376 365 2462 'possit
391 2376 429 2440 in
455 2375 519 2441 hac
545 2395 647 2440 causa
675 2377 766 2441 inter
787 2379 895 2463 πηγῇς
915 2375 974 2444 έπι
994 2379 1167 2467 Κηφισοῖο
1190 2391 1222 2446 et
1240 2380 1315 2444 inter
1369 2423 1370 2426 ι

254 2478 363 2566 πηγῇς
389 2472 448 2544 ἔπι
475 2477 631 2560 ποταμοῦ
659 2497 726 2542 uon
756 2481 922 2564 suspicor.
972 2477 1042 2546 sed
1070 2481 1233 2548 discimus
1251 2479 1316 2544 Ale·
1369 2495 1370 2572 ρ

237 2581 351 2646 ¹irioni
373 2581 557 2646 naturalem
580 2578 733 2645 ordinem
755 2582 865 2646 uisum
888 2599 983 2664 esso,
1004 2585 1041 2646 nt
1061 2581 1128 2648 hoo
1148 2589 1241 2664 nter,
1259 2573 1314 2648 int
1369 2577 1370 2584 ’

254 2680 345 2764 βοῶν
375 2677 459 2747 ποσί
490 2688 524 2745 et
554 2682 733 2766 scripsisse
764 2682 843 2748 ideo
873 2683 962 2763 βοῶν
994 2678 1064 2750 ὕπο
1080 2681 1188 2764 ποσί.
1230 2681 1315 2751 Stetit
1368 2629 1370 2752 l

254 2785 359 2866 igitur
391 2781 452 2848 hic
482 2803 559 2848 curn
590 2783 832 2869 Tyrannione,
861 2790 895 2850 et
924 2782 1044 2850 ho'rum
1072 2807 1175 2854 causa
1195 2783 1315 2869 scripsit
1369 2783 1370 2794 ’

253 2883 471 2954 Herodianus
493 2903 580 2972 qnae
600 2888 668 2952 iarn
689 2906 794 2972 supra
814 2886 987 2952 attulimus
1012 2890 1058 2970 Y,
1080 2889 1155 2958 491.
1181 2888 1229 2975 0,
1254 2885 1316 2955 382.

752 3053 837 3144 §.e

276 3205 506 3274 Venimus
534 3207 578 3272 ad
609 3207 649 3273 id
680 3209 912 3295 praeceptum,
940 3213 1030 3300 qnod
1058 3213 1316 3280 absurdissimum

258 3299 367 3376 uisu'm
395 3315 447 3375 est
471 3311 518 3386 (v.
547 3309 663 3376 Herm.
685 3312 728 3378 de
750 3333 813 3379 em.
835 3330 895 3400 gr.
910 3333 941 3398 p.
965 3314 1060 3397 107),
1082 3321 1155 3381 turn
1176 3318 1315 3382 anastro-

259 3412 359 3497 phem
382 3409 473 3480 fieri
482 3410 623 3495 nullam,
646 3413 676 3478 si
698 3433 764 3478 nna
785 3415 989 3499 praepositio
1011 3419 1153 3484 ulterius
1175 3419 1248 3482 loco
1269 3431 1316 3498 po·

258 3519 327 3583 sita
343 3514 429 3585 sit.
448 3518 499 3586 Ac
519 3516 599 3584 nolo
621 3517 775 3602 equidem
796 3517 890 3585 illius
910 3521 1083 3606 praecepti
1104 3518 1316 3606 patrocinium

261 3681 487 3710 Μ

329 3803 354 3864 *l
370 3803 484 3872 Nonne,
505 3803 541 3862 ud
562 3819 645 3874 quent
666 3819 752 3872 snpra
769 3807 971 3862 recurrebam
963 3822 991 3862 m
1010 3825 1094 3864 conse
1112 3803 1279 3872 Aristarchi,
1296 3805 1320 3853 nt

262 3885 392 3957 ἑσπερίην
407 3884 476 4028 prepi
499 3888 582 3946 duim
603 3891 846 3959 maenomenon
873 3894 947 3960 uun,
964 3893 1006 3949 sic
1024 3911 1076 3950 nee
1093 3889 1199 3964 Λιβὺτς
1214 3891 1260 3947 tui
1274 3903 1320 3942 σσ-
1368 3915 1369 3922 1

262 3963 327 4029 σιόν
346 3981 373 4028 et
390 3989 453 4031 sinn
465 3987 529 4030 ια.
