2774 4824
712 319 729 360 Ι

1074 399 1126 477 89

61 607 146 690 ptum
176 607 245 686 est,
276 595 516 692 ὑποκρίνονται
541 587 563 690 ἦ
585 601 688 690 διπλῆ
709 596 761 671 ὅτι
782 597 992 692 πρόθεσις
1013 593 1127 686 duril-

59 708 205 773 tnaror
238 699 312 772 ἀντὶ
342 698 671 794 σοῦ’ἆπσὶιρίνσνσαι
703 706 769 772 hoe
797 706 933 770 dubium
961 705 1063 785 facit,
1086 725 1131 768 an

57 810 125 892 ipse
154 811 227 872 -iam
264 813 422 893 tanquam
454 811 572 896 legetn'
590 811 768 894 agnoverit
797 809 903 873 licere
934 808 987 874 vel
1017 812 1138 892 poetae

56 914 142 974 certe
181 911 287 976 licere
326 919 531 978 commutare
574 913 857 998 praepositiones:
901 919 977 975 cum
1027 915 1136 974 tamen

54 1031 115 1075 uon
154 1016 416 1092 commutentur,
439 1016 520 1078 'sed
561 1016 657 1082 varie
700 1033 916 1098 unaquaeqne
948 1009 1081 1074 deflexa
1103 1019 1138 1076 et

55 1114 212 1179 translata
248 1114 312 1177 uni
352 1116 532 1200 principali
571 1115 811 1200 significationi
847 1115 969 1179 subiici
1007 1114 1140 1194 debeat,

10 1281 13 1292 ,
55 1235 284 1300 nonnunquam
311 1217 413 1282 etiarn
436 1239 502 1282 non
524 1223 593 1284 tam
615 1221 650 1282 in
672 1217 924 1304 praepositione
951 1215 1136 1306 'translatio

56 1319 101 1382 sit
127 1338 224 1402 quam
257 1319 293 1382 in
315 1320 546 1400 substantivus
582 1321 641 1386 Sic
662 1323 692 1386 si
719 1321 785 1387 hoc
806 1319 1000 1384 Aristarchi
1022 1325 1074 1383 est
1095 1319 1134 1393 E,

54 1419 115 1485 est
132 1417 170 1485 τὸ
188 1413 254 1513 Ισιίνσί
274 1413 345 1495 ἀντὶ
364 1423 423 1506 τῆς
442 1415 542 1498 κανόν’,
564 1425 650 1490 etsi
671 1425 803 1492 notavit
823 1421 891 1486 hoc
912 1425 951 1485 ut
971 1421 1039 1485 alio
1059 1422 1137 1484 loco

56 1541 120 1585 uon
151 1541 289 1605 prorsus
322 1524 428 1590 simili
463 1517 531 1590 eieci
557 1545 618 1612 pro
648 1519 732 1590 κατά
762 1533 932 1602 tueretur,
963 1523 1134 1607 improbos

56 1641 130 1686 nam
158 1643 226 1686 non
250 1616 314 1687 ἀνά
338 1629 390 1688 est
413 1641 476 1718 pro
498 1620 603 1700 κατά,
627 1626 687 1691 sed
710 1621 797 1712 μάχη
819 1647 881 1708 pro
904 1625 988 1689 acie.
1032 1625 1077 1688 Et
1098 1627 1133 1686 in

59 1727 252 1788 universum
283 1737 350 1786 uon
381 1723 517 1804 dubito,
547 1726 630 1808 quin
660 1725 887 1790 observationi
910 1726 975 1788 soli
996 1726 1134 1788 nimium

54 1823 204 1889 intentus
229 1843 295 1886 uec
322 1823 369 1888 ad
392 1825 579 1906 penetralia
602 1830 829 1890 tortuosarum
852 1823 1136 1907 significationum

54 1925 258 2008 perveniens
285 1929 321 1990 et
347 1928 423 2009 ipse
448 1924 552 1992 facile
579 1928 647 1991 labi
684 1928 834 2011 potuerit
855 1935 890 1990 et
912 1928 1137 1992 sectatoribus

54 2025 298 2109 multomagis
322 2029 490 2112 peccandi
517 2048 633 2095 ansam
654 2027 756 2094 darc:
792 2027 1015 2093 Recentiores
1037 2027 1137 2093 istam

56 2134 213 2213 tanquam
246 2129 364 2210 legam
380 2117 596 2223 statuebant,
631 2130 733 2218 quod
756 2129 799 2196 de
833 2130 1024 2213 Apolloniis
1052 2129 1136 2195 mihi

10 2283 11 2298 ,
59 2249 122 2292 uon
150 2230 364 2293 dubitandum
388 2231 526 2296 videtur
546 2239 581 2298 et
602 2235 714 2298 minus
737 2234 841 2297 etiam
864 2231 907 2296 de
927 2231 1136 2298 Herodicum

60 2329 252 2395 Macrobius
274 2332 316 2394 in‘·
330 2333 446 2398 Somn-
468 2335 561 2419 S'cipr
585 2336 636 2411 ll,
660 2336 682 2401 8
705 2356 736 2418 p.
751 2364 756 2374 ν
770 2336 831 2399 lot
853 2335 889 2398 in
912 2335 964 2398 ed.
988 2337 1137 2401 Zeuniiz

62 2433 134 2508 „An
162 2431 253 2498 torte
274 2435 411 2515 poetica
432 2436 795 2520 licentiapartieulam
820 2457 882 2516 pro
905 2437 1009 2500 simili
1031 2457 1136 2521 paene

65 2535 379 2619 particulaposait,
404 2541 438 2600 et
455 2539 614 2621 pro·suh
635 2532 776 2602 afmhas
795 2539 1042 2604 dicerentaluit
1063 2559 1137 2621 per

63 2637 249 2704 ambust.
273 2685 281 2703 .
305 2681 315 2699 .
339 2686 347 2704 .
388 2639 537 2704 ‘Scimus'
561 2646 671 2702 autem
702 2644 736 2703 et
763 2636 1080 2728 Homerumipsum
1103 2645 1136 2704 et

65 2735 97 2798 in
117 2739 270 2804 omnibus
291 2739 501 2805 imitatorem
523 2739 621 2804 huius
633 2741 808 2804 Maronem
832 2758 931 2822 saepe
953 2741 1040 2805 tales
1063 2761 1136 2804 mu-

66 2839 150 2904 tasse
176 2842 401 2924 particulas.“
450 2843 548 2927 Apud
582 2841 771 2906 Maximum
788 2840 982 2906 'Planudem
1006 2841 1042 2905 in
1064 2841 1138 2908 dia-

67 2937 139 3022 logo
166 2942 210 3010 de
235 2946 455 3026 grammatica
483 2950 586 3029 caput
611 2942 782 3008 invenitur
804 2942 1004 3026 inscriptum
1019 2937 1035 3007 ι’
1053 2965 1138 3030 προ-

69 3039 175 3120 θέσεις
195 3037 268 3111 ἀντὶ
288 3043 501 3132 προθέσεων,
523 3045 661 3112 Bachm.
685 3046 734 3109 ΙΙ.
759 3065 789 3128 ρ.
811 3047 881 3110 au-
901 3045 1139 3112 ‘Recentiores

70 3138 129 3208 hoc
158 3149 263 3231 magis
286 3151 459 3233 magisque
483 3147 676 3214 adhibuisse
699 3149 747 3212 eis
768 3147 871 3218 locis,
895 3148 952 3212 ubi
974 3148 1141 3231 antiquio-

10 3267 11 3270 *
69 3246 155 3310 ribus
187 3250 229 3314 de
260 3249 393 3314 haere
425 3271 472 3326 ne,
499 3253 729 3334 cogitaverant
750 3247 902 3332 quidem,
924 3250 1140 3312 memorabile

72 3353 252 3435 exemplum
284 3357 337 3416 est
366 3350 450 3434 hoc,
480 3354 571 3436 quod
593 3339 836 3431 Herodianum*
851 3351 910 3433 qui
931 3357 1040 3414 tamen
1062 3369 1142 3432 prae
1266 3406 1268 3410 ,

69 3448 259 3517 Aristarcho
290 3453 357 3516 iam
388 3444 601 3538 frequentior
622 3454 759 3520 videtur
781 3454 817 3520 in
838 3451 1066 3534 hocgenere,
1090 3453 1142 3514 in·

70 3551 120 3613 te'r
141 3556 294 3638 exempla
318 3557 458 3620 retracti
479 3557 515 3619 in
536 3556 790 3641 praepositione
811 3558 973 3617 accentus
995 3549 1060 3614 hoc
1082 3573 1143 3635 po-

70 3652 118 3716 nit
148 3657 183 3720 in
217 3657 389 3722 catholica
421 3659 490 3735 (Jo.
524 3659 580 3724 Al.
613 3661 671 3736 Ἠ)
695 3657 791 3721 ’θεῶν
819 3645 890 3720 rino
911 3646 1017 3738 μήδεσι
1039 3646 1144 3732 εἰδώς.

72 3749 134 3818 Sed
154 3757 338 3824 scholiasta
359 3761 474 3824 nescio
497 3759 571 3844 quis
594 3760 636 3824 ad
658 3766 731 3823 eum
751 3758 862 3823 locum
884 3755 1090 3838 describit,
1115 3756 1143 3838 ζ,

72 3855 122 3918 122
143 3849 163 3946 ἢ
185 3854 253 3928 dati
277 3853 348 3926 ἆνσὶ
368 3861 426 3948 τῆς
442 3855 547 3948 'mopsi
572 3857 624 3926 διὸ
642 3852 825 3938 ’ὅξύνεσαι.’
872 3852 876 3862 ’
910 3878 912 3882 ·

151 3961 218 4027 Sed
239 3963 444 4036 revolvimur
466 3965 509 4028 ad
531 3969 716 4030 accentum.
757 3961 842 4025 Cum
863 3960 970 4044 igitur
991 3961 1146 4051 doctrina

74 4051 129 4145 illa
157 4065 326 4148 paullatim
356 4067 488 4132 radices
522 4071 652 4149 ageret,
675 4055 956 4148 quaesitumest,
985 4085 1146 4148 caprae-
