2806 4826
142 443 314 576 ι152

263 653 342 716 runt
373 647 425 714 sic
459 646 595 732 optimi,
628 641 845 709 Herodianus
874 651 909 708 et
938 641 1201 728 oportunior»
1231 649 1265 708 et
1294 665 1333 708 ex

261 747 605 836 inamputatione,
629 767 728 832 quam
750 767 825 811 cum
844 743 967 810 Latina
988 767 1035 812 uu
1058 745 1278 830 instituimus,
1302 767 1337 810 eo

262 857 336 922 iere
364 842 470 919 delati
497 869 623 931 sumus.
672 849 769 914 Haec
789 848 899 933 igitur
919 849 1051 915 orietur
1072 849 1247 933 quaestio,
1278 869 1336 912 cur

263 957 438 1042 inpriore
464 951 807 1038 membruparticnla
838 963 1011 1018 accentum
1045 950 1252 1035 deposuerit.
1298 951 1335 1014 ld

262 1067 399 1126 veteres
419 1045 486 1144 pro
506 1061 586 1121 nuto
607 1061 760 1137 sumunt,
782 1075 935 1120 caussam
958 1074 1023 1119 uon
1045 1053 1184 1118 addunt.
1231 1052 1334 1131 Vide-

263 1174 320 1230 tur
352 1160 441 1227 mihi·
468 1144 588 1224 daussa
619 1157 766 1242 cogitari
798 1176 908 1242 posse.
957 1154 1098 1221 Scilicet
1119 1157 1155 1218 in
1177 1156 1337 1220 eiusmodi

265 1261 551 1332 enuntiationibus
573 1257 617 1324 ad
637 1260 777 1324 alteram
801 1258 998 1342 particulam
1011 1257 1256 1342 quodammodo
1269 1259 1337 1323 lao-

265 1384 427 1452 guescere
447 1363 611 1430 sentimus
632 1361 797 1446 priorem
820 1361 909 1425 unde
930 1361 1059 1429 factum
1080 1350 1227 1426 fortasse
1249 1370 1286 1425 ut
1307 1364 1335 1424 io

268 1469 384 1557 priore
414 1466 566 1532 membro
599 1463 719 1529 deesse
747 1465 873 1546 possita
903 1466 938 1530 iu
960 1463 1070 1528 altero
1091 1464 1188 1548 quari
1211 1465 1335 1526 maiore

224 1623 228 1630 ,
267 1569 411 1657 quadam
431 1569 469 1637 vi
490 1565 625 1648 incidit,
647 1569 806 1651 tanquam
829 1569 942 1650 priore
960 1567 1070 1632 omnis
1082 1565 1251 1632 dubitatio
1262 1586 1337 1630 non·
1389 1569 1390 1646 ]

268 1671 442 1740 dumsatio
464 1688 628 1753 expressa
649 1672 686 1733 et
707 1667 882 1733 declarata
902 1669 958 1734 sit.
1155 1743 1157 1748 ,
1389 1665 1390 1678 ¹

293 1794 296 1808 ·
352 1775 511 1839 Attamen
536 1764 723 1856 Tryphoni
752 1770 880 1856 prioris
908 1769 1050 1837 membri
1071 1769 1241 1855 particula
1267 1771 1336 1837 visa
1388 1763 1390 1810 ἱ

268 1880 322 1944 est
343 1872 550 1942 disiunctiva
571 1869 839 1940 esserNicanori
862 1866 1052 1963 σννιπιικὴ,
1073 1893 1135 1958 pro
1156 1865 1197 1939 ei.
1220 1873 1337 1940 -He-

267 1979 431 2046 rodianus
463 1997 530 2044 non
561 1975 718 2042 dubitaui
750 1977 832 2060 quin
865 1995 941 2040 cum
978 1975 1160 2063 Apollonio
1189 1979 1337 2044 senserit.

267 2083 358 2150 Nam
385 2098 587 2167 quamquam
616 2079 719 2144 aliter
740 2076 851 2142 rideri
875 2083 989 2163 potest
1010 2099 1056 2145 ex
1076 2080 1212 2146 Joanue
1234 2081 1288 2146 ΑΙ.
1308 2103 1336 2166 p.

270 2189 330 2266 tt,
367 2187 424 2262 1³,
459 2183 491 2248 si
523 2178 661 2267 quidem
688 2179 830 2263 scripsit
858 2182 950 2257 (nam
971 2201 1061 2247 nunc
1081 2181 1168 2261 hacc
1189 2190 1340 2268 corrupta

269 2289 362 2366 sunt)
390 2269 489 2362 οὗτος
515 2271 534 2347 c‘
564 2275 788 2364 διαζισπικὸς
813 2280 898 2368 μετὰ
920 2276 1154 2372 ὄισπσρῆσιως
1175 2279 1340 2376 προφερό-

197 2426 198 2430 =
269 2404 368 2472 peuce
387 2380 445 2451 τὸν
467 2377 635 2471 δεύτερον,
656 2377 897 2472 ἔρωνρμισικὸν
919 2375 1009 2470 ὄντα,
1031 2381 1166 2464 πάντως
1185 2388 1339 2478 περισπᾷ,
1388 2413 1389 2486 ρ

270 2495 305 2556 et
325 2507 373 2555 err
389 2504 423 2554 v.
445 2485 488 2554 28
509 2483 717 2574 διαζευκτικι)
738 2484 802 2576 μὰρ
822 2475 843 2574 ἦ
867 2481 992 2577 φράσις
1011 2483 1340 2574 perddrociuscren-

201 2604 207 2632 ³
271 2589 367 2670 dum)
393 2581 641 2675 δισπορὴσεως,
670 2595 784 2656 tamen
812 2589 850 2656 id
877 2591 1111 2676 epitomatonir
1142 2593 1259 2680 culpae
1285 2592 1340 2658 tri-

273 2691 449 2758 buendum.
503 2687 594 2757 Nam
627 2699 662 2760 et
691 2692 767 2778 ipse
799 2693 895 2759 dedit
924 2711 957 2761 r.
985 2695 1027 2761 21
1050 2681 1274 2784 ὄιαζισκιινῆς
1292 2684 1342 2760 οὖν

273 2785 375 2882 οὔσης
403 2790 463 2880 τῆς
495 2785 622 2873 τάξεως
650 2795 730 2860 τῶν
756 2795 1071 2885 διαπορηιιιῶν
1098 2799 1166 2879 (sic
1191 2795 1279 2864 haec
1301 2796 1342 2862 le-

273 2896 397 2982 genda)
419 2885 438 2961 d
459 2891 533 2978 μὲν
552 2889 765 2986 πρότερος
785 2889 955 2978 ὀξύνεται,
983 2889 1003 2966 ὖ
1026 2898 1064 2968 δὲ
1085 2894 1240 2990 δεύτερος
1260 2921 1343 2988 περι·
1387 2925 1388 2960 ;

235 3082 238 3094 s
276 2997 423 3075 σπᾶται,
446 2995 620 3087 similique
640 2999 743 3066 modo
769 3001 901 3087 scripta
923 3021 1010 3087 quae
1029 3006 1108 3070 sunt
1133 3023 1166 3072 r.
1194 3005 1239 3070 29
1265 3023 1342 3088 sqq„

276 3100 336 3164 ubi
357 3099 533 3184 tegendum
556 3093 618 3168 udis
638 3093 735 3182 ἅπαξ
755 3093 817 3170 etv
837 3097 1012 3184 πολλάκις,
1035 3109 1069 3172 et
1079 3103 1250 3172 Arcadius
1266 3104 1343 3171 scri·

276 3203 346 3288 psit
367 3193 569 3292 διαπόρησις
588 3200 673 3288 μετὰ
694 3195 892 3286 δισζιῦξεως
912 3225 980 3272 non
1001 3189 1167 3288 διάζειιξις
1185 3204 1268 3288 μετὰ
1279 3205 1344 3272 δισ-
1386 3237 1387 3240 ¹

276 3296 461 3392 πορῆσσως,
494 3312 529 3371 et
549 3306 687 3372 minime
719 3316 878 3394 suspccta
898 3329 967 3376 vox
999 3308 1108 3376 schol.
1133 3309 1226 3376 ABL
1248 3309 1289 3374 ad
1306 3307 1341 3386 Γ,
1386 3355 1387 3358 ¹

274 3409 352 3490 239,
375 3412 409 3472 et
429 3405 646 3476 Herodianus
666 3407 733 3476 sibi
756 3410 831 3496 ipse
852 3413 951 3477 testis
972 3419 1025 3478 est
1044 3414 1090 3480 ud
1111 3393 1151 3478 it.
1174 3408 1216 3490 Ξ,
1237 3413 1307 3480 265ι

361 3510 541 3576 Caeterum
553 3511 589 3574 in
603 3512 769 3598 exemplis
790 3533 858 3580 non
870 3512 1093 3599 pendentibus
1105 3515 1186 3580 item
1202 3515 1344 3599 scripse-

274 3619 366 3693 runt,
399 3615 436 3678 et
464 3610 524 3677 ubi
550 3612 654 3678 semel
682 3616 795 3698 posita
822 3621 876 3680 est
904 3617 1091 3701 particula,
1119 3617 1194 3697 πῶς
1214 3613 1274 3704 γὰρ
1293 3613 1343 3680 νῦν

279 3708 430 3814 Τρῴισσι
450 3711 646 3801 μεμιγμένοι
666 3706 796 3783 stravo?
818 3706 839 3804 ἦ
863 3709 1069 3798 dodrantem
1085 3722 1130 3804 Κ,
1143 3719 1217 3799 tte,
1240 3725 1275 3784 et
1293 3714 1344 3779 ubi
1385 3739 1386 3830 ρ

276 3815 347 3882 bias
367 3807 392 3903 ἢ
412 3808 472 3899 οὐχ
492 3811 664 3908 ἑσπέσθην
672 3813 932 3905 Λακεδαίμονος
950 3816 986 3903 ἐξ
1005 3815 1182 3913 ἐρατεινῆς,
1204 3812 1225 3911 ἦ
1246 3812 1343 3906 δεύρω
1385 3833 1386 3859 ¹

345 4032 458 4100 ’Πίου
478 4035 509 4093 in
530 4025 587 4115 dua
610 4072 643 4088 -
660 4027 694 4110 d,
717 4041 794 4115 quod
815 4058 870 4102 non
893 4041 1010 4104 dubium
1031 4045 1143 4106 uidetur
1164 4062 1203 4104 ex
1220 4038 1344 4116 Apoltcu.

276 4121 352 4180 coni
367 4139 397 4191 a·
413 4125 475 4184 tat.
493 4126 554 4188 tue
