<?xml version="1.0" encoding="UTF-8"?>
<!DOCTYPE html PUBLIC "-//W3C//DTD XHTML 1.0 Transitional//EN"
    "http://www.w3.org/TR/xhtml1/DTD/xhtml1-transitional.dtd">
<html xmlns="http://www.w3.org/1999/xhtml" xml:lang="en" lang="en">
 <head>
  <title>
</title>
<meta http-equiv="Content-Type" content="text/html;charset=utf-8" />
  <meta name='ocr-system' content='tesseract 3.04.00' />
  <meta name='ocr-capabilities' content='ocr_page ocr_carea ocr_par ocr_line ocrx_word'/>
</head>
<body>
  <div class='ocr_page' id='page_1' title='image "./quaestionesepic03lehrgoog_0055.png"; bbox 0 0 2806 4826; ppageno 0'>
   <div class='ocr_carea' id='block_1_1' title="bbox 230 379 280 460">
    <p class='ocr_par' dir='ltr' id='par_1_1' title="bbox 230 379 280 460">
     <span class='ocr_line' id='line_1_1' title="bbox 230 379 280 460; baseline -0.04 0"><span class='ocrx_word' id='word_1_1' title='bbox 230 379 280 460; x_wconf 79' lang='lat'>38</span> 
     </span>
    </p>
   </div>
   <div class='ocr_carea' id='block_1_2' title="bbox 137 579 1401 767">
    <p class='ocr_par' dir='ltr' id='par_1_2' title="bbox 137 579 1401 767">
     <span class='ocr_line' id='line_1_2' title="bbox 137 579 1401 686; baseline -0.005 -38"><span class='ocrx_word' id='word_1_2' title='bbox 137 603 141 612; x_wconf 93' lang='lat'>·</span> <span class='ocrx_word' id='word_1_3' title='bbox 231 589 298 648; x_wconf 89' lang='lat' dir='ltr'>tom</span> <span class='ocrx_word' id='word_1_4' title='bbox 323 582 481 668; x_wconf 76' lang='lat' dir='ltr'>posuisse,</span> <span class='ocrx_word' id='word_1_5' title='bbox 503 600 569 667; x_wconf 89' lang='lat' dir='ltr'>quo</span> <span class='ocrx_word' id='word_1_6' title='bbox 591 584 625 646; x_wconf 91' lang='lat' dir='ltr'>et</span> <span class='ocrx_word' id='word_1_7' title='bbox 646 580 768 647; x_wconf 75' lang='lat' dir='ltr'>Graeci</span> <span class='ocrx_word' id='word_1_8' title='bbox 780 580 811 659; x_wconf 81' lang='lat'>*)</span> <span class='ocrx_word' id='word_1_9' title='bbox 832 585 865 650; x_wconf 92' lang='lat' dir='ltr'>et</span> <span class='ocrx_word' id='word_1_10' title='bbox 874 579 987 646; x_wconf 78' lang='lat' dir='ltr'>Latini</span> <span class='ocrx_word' id='word_1_11' title='bbox 1009 591 1135 663; x_wconf 88' lang='lat' dir='ltr'>ponunt</span> <span class='ocrx_word' id='word_1_12' title='bbox 1155 579 1191 642; x_wconf 87' lang='lat' dir='ltr'>in</span> <span class='ocrx_word' id='word_1_13' title='bbox 1214 579 1296 663; x_wconf 92' lang='lat' dir='ltr'>epi·</span> <span class='ocrx_word' id='word_1_14' title='bbox 1400 594 1401 686; x_wconf 34' lang='grc' dir='ltr'>ξ</span> 
     </span>
     <span class='ocr_line' id='line_1_3' title="bbox 230 680 1401 767; baseline -0.005 -20"><span class='ocrx_word' id='word_1_15' title='bbox 230 685 343 749; x_wconf 75' lang='lat' dir='ltr'>stolisz</span> <span class='ocrx_word' id='word_1_16' title='bbox 366 684 426 748; x_wconf 87' lang='lat' dir='ltr'>sed</span> <span class='ocrx_word' id='word_1_17' title='bbox 447 689 540 767; x_wconf 82' lang='lat' dir='ltr'>putet</span> <span class='ocrx_word' id='word_1_18' title='bbox 561 683 626 748; x_wconf 90' lang='lat' dir='ltr'>hoc</span> <span class='ocrx_word' id='word_1_19' title='bbox 646 684 759 748; x_wconf 85' lang='lat' dir='ltr'>iatius.</span> <span class='ocrx_word' id='word_1_20' title='bbox 791 683 876 748; x_wconf 85' lang='lat' dir='ltr'>Nam</span> <span class='ocrx_word' id='word_1_21' title='bbox 900 685 935 746; x_wconf 90' lang='lat' dir='ltr'>iu</span> <span class='ocrx_word' id='word_1_22' title='bbox 956 680 1297 746; x_wconf 76' lang='lat' dir='ltr'>commentariisflo-</span> <span class='ocrx_word' id='word_1_23' title='bbox 1400 687 1401 732; x_wconf 72' lang='lat' dir='ltr'>i</span> 
     </span>
    </p>
   </div>
   <div class='ocr_carea' id='block_1_3' title="bbox 231 781 1401 870">
    <p class='ocr_par' dir='ltr' id='par_1_3' title="bbox 231 781 1401 870">
     <span class='ocr_line' id='line_1_4' title="bbox 231 781 1401 870; baseline -0.006 -20"><span class='ocrx_word' id='word_1_24' title='bbox 231 788 368 851; x_wconf 79' lang='lat' dir='ltr'>mericis</span> <span class='ocrx_word' id='word_1_25' title='bbox 389 788 521 860; x_wconf 82' lang='lat' dir='ltr'>librum,</span> <span class='ocrx_word' id='word_1_26' title='bbox 543 807 608 870; x_wconf 89' lang='lat' dir='ltr'>quo</span> <span class='ocrx_word' id='word_1_27' title='bbox 625 786 829 870; x_wconf 86' lang='lat' dir='ltr'>Dionysium</span> <span class='ocrx_word' id='word_1_28' title='bbox 851 782 1073 868; x_wconf 79' lang='lat' dir='ltr'>geographum</span> <span class='ocrx_word' id='word_1_29' title='bbox 1095 782 1297 856; x_wconf 81' lang='lat' dir='ltr'>illustravit,</span> <span class='ocrx_word' id='word_1_30' title='bbox 1400 781 1401 784; x_wconf 71' lang='grc'>’</span> 
     </span>
    </p>
   </div>
   <div class='ocr_carea' id='block_1_4' title="bbox 173 879 1402 3613">
    <p class='ocr_par' dir='ltr' id='par_1_4' title="bbox 173 879 1402 2778">
     <span class='ocr_line' id='line_1_5' title="bbox 230 879 1302 972; baseline -0.006 -20"><span class='ocrx_word' id='word_1_31' title='bbox 230 888 273 952; x_wconf 86' lang='lat' dir='ltr'>ad</span> <span class='ocrx_word' id='word_1_32' title='bbox 303 901 413 972; x_wconf 83' lang='lat' dir='ltr'>partes</span> <span class='ocrx_word' id='word_1_33' title='bbox 440 899 538 950; x_wconf 80' lang='lat' dir='ltr'>vocat</span> <span class='ocrx_word' id='word_1_34' title='bbox 564 885 629 951; x_wconf 93' lang='lat' dir='ltr'>hoc</span> <span class='ocrx_word' id='word_1_35' title='bbox 655 888 769 952; x_wconf 85' lang='lat' dir='ltr'>mode:</span> <span class='ocrx_word' id='word_1_36' title='bbox 793 879 936 970; x_wconf 78' lang='grc' dir='ltr'><strong><em>ιίρηται,</em></strong></span> <span class='ocrx_word' id='word_1_37' title='bbox 965 881 1145 970; x_wconf 76' lang='grc' dir='ltr'><strong><em>γέγραπται</em></strong></span> <span class='ocrx_word' id='word_1_38' title='bbox 1167 880 1201 948; x_wconf 77' lang='grc' dir='ltr'>ἓν</span> <span class='ocrx_word' id='word_1_39' title='bbox 1221 885 1302 958; x_wconf 83' lang='grc' dir='ltr'><strong><em>ταῖς</em></strong></span> 
     </span>
     <span class='ocr_line' id='line_1_6' title="bbox 230 983 1303 1073; baseline -0.007 -17"><span class='ocrx_word' id='word_1_40' title='bbox 230 983 278 1066; x_wconf 85' lang='grc' dir='ltr'>είς</span> <span class='ocrx_word' id='word_1_41' title='bbox 300 984 481 1064; x_wconf 59' lang='lat' dir='ltr'>Ansium,</span> <span class='ocrx_word' id='word_1_42' title='bbox 503 1011 531 1054; x_wconf 88' lang='lat' dir='ltr'>e.</span> <span class='ocrx_word' id='word_1_43' title='bbox 553 1010 586 1072; x_wconf 81' lang='lat' dir='ltr'>g.</span> <span class='ocrx_word' id='word_1_44' title='bbox 608 1009 640 1073; x_wconf 88' lang='lat' dir='ltr'>p.</span> <span class='ocrx_word' id='word_1_45' title='bbox 663 990 695 1054; x_wconf 89' lang='grc'>2.</span> <span class='ocrx_word' id='word_1_46' title='bbox 716 990 786 1052; x_wconf 83' lang='grc'>110.</span> <span class='ocrx_word' id='word_1_47' title='bbox 811 990 889 1052; x_wconf 85' lang='grc' dir='ltr'>112ι</span> <span class='ocrx_word' id='word_1_48' title='bbox 911 995 952 1051; x_wconf 86' lang='lat' dir='ltr'>et</span> <span class='ocrx_word' id='word_1_49' title='bbox 966 991 1084 1050; x_wconf 80' lang='lat' dir='ltr'>contra</span> <span class='ocrx_word' id='word_1_50' title='bbox 1105 985 1139 1049; x_wconf 91' lang='lat' dir='ltr'>in</span> <span class='ocrx_word' id='word_1_51' title='bbox 1161 983 1227 1048; x_wconf 87' lang='lat' dir='ltr'>hoc</span> <span class='ocrx_word' id='word_1_52' title='bbox 1250 985 1303 1048; x_wconf 84' lang='lat' dir='ltr'>nd</span> 
     </span>
     <span class='ocr_line' id='line_1_7' title="bbox 231 1082 1300 1174; baseline -0.004 -20"><span class='ocrx_word' id='word_1_53' title='bbox 231 1092 310 1154; x_wconf 88' lang='lat' dir='ltr'>iiius</span> <span class='ocrx_word' id='word_1_54' title='bbox 340 1082 499 1174; x_wconf 82' lang='lat' dir='ltr'>prov&#39;ocut</span> <span class='ocrx_word' id='word_1_55' title='bbox 525 1091 639 1156; x_wconf 84' lang='lat' dir='ltr'>eudem</span> <span class='ocrx_word' id='word_1_56' title='bbox 670 1090 816 1168; x_wconf 82' lang='lat' dir='ltr'>ratione,</span> <span class='ocrx_word' id='word_1_57' title='bbox 846 1087 995 1171; x_wconf 82' lang='lat' dir='ltr'>perfecto</span> <span class='ocrx_word' id='word_1_58' title='bbox 1024 1093 1117 1150; x_wconf 89' lang='lat' dir='ltr'>utens</span> <span class='ocrx_word' id='word_1_59' title='bbox 1138 1088 1300 1170; x_wconf 79' lang='lat' dir='ltr'>saepius,</span> 
     </span>
     <span class='ocr_line' id='line_1_8' title="bbox 231 1185 1304 1276; baseline -0.005 -20"><span class='ocrx_word' id='word_1_60' title='bbox 231 1212 298 1258; x_wconf 87' lang='lat' dir='ltr'>nou</span> <span class='ocrx_word' id='word_1_61' title='bbox 329 1193 510 1257; x_wconf 88' lang='lat' dir='ltr'>excludens</span> <span class='ocrx_word' id='word_1_62' title='bbox 542 1193 719 1273; x_wconf 78' lang='lat' dir='ltr'>norisium,</span> <span class='ocrx_word' id='word_1_63' title='bbox 747 1198 784 1257; x_wconf 88' lang='lat' dir='ltr'>ut</span> <span class='ocrx_word' id='word_1_64' title='bbox 811 1211 842 1256; x_wconf 86' lang='lat' dir='ltr'>v.</span> <span class='ocrx_word' id='word_1_65' title='bbox 866 1191 928 1254; x_wconf 74' lang='lat'>994</span> <span class='ocrx_word' id='word_1_66' title='bbox 949 1185 1004 1254; x_wconf 87' lang='grc' dir='ltr'>καί</span> <span class='ocrx_word' id='word_1_67' title='bbox 1024 1185 1147 1276; x_wconf 77' lang='grc' dir='ltr'><strong><em>ἐῤῥέδη</em></strong></span> <span class='ocrx_word' id='word_1_68' title='bbox 1169 1185 1203 1253; x_wconf 80' lang='lat' dir='ltr'>c&#39;u</span> <span class='ocrx_word' id='word_1_69' title='bbox 1223 1190 1304 1265; x_wconf 81' lang='grc' dir='ltr'><strong><em>τοῖς</em></strong></span> 
     </span>
     <span class='ocr_line' id='line_1_9' title="bbox 232 1282 1300 1379; baseline -0.005 -20"><span class='ocrx_word' id='word_1_70' title='bbox 232 1287 279 1370; x_wconf 82' lang='grc' dir='ltr'>είς</span> <span class='ocrx_word' id='word_1_71' title='bbox 299 1290 356 1360; x_wconf 78' lang='lat' dir='ltr'>cdv</span> <span class='ocrx_word' id='word_1_72' title='bbox 369 1287 524 1379; x_wconf 77' lang='grc' dir='ltr'><strong><em>Ὅμηρον.</em></strong></span> <span class='ocrx_word' id='word_1_73' title='bbox 569 1292 626 1372; x_wconf 79' lang='lat' dir='ltr'>Sic</span> <span class='ocrx_word' id='word_1_74' title='bbox 648 1293 698 1356; x_wconf 92' lang='lat' dir='ltr'>illi</span> <span class='ocrx_word' id='word_1_75' title='bbox 720 1298 754 1356; x_wconf 86' lang='lat' dir='ltr'>et</span> <span class='ocrx_word' id='word_1_76' title='bbox 776 1311 860 1376; x_wconf 80' lang='lat' dir='ltr'>quae</span> <span class='ocrx_word' id='word_1_77' title='bbox 882 1282 1062 1356; x_wconf 86' lang='lat' dir='ltr'>moliuntur</span> <span class='ocrx_word' id='word_1_78' title='bbox 1082 1291 1300 1374; x_wconf 80' lang='lat' dir='ltr'>scriptutaru-</span> 
     </span>
     <span class='ocr_line' id='line_1_10' title="bbox 234 1393 1301 1480; baseline -0.001 -22"><span class='ocrx_word' id='word_1_79' title='bbox 234 1415 332 1479; x_wconf 83' lang='lat' dir='ltr'>quam</span> <span class='ocrx_word' id='word_1_80' title='bbox 364 1403 479 1479; x_wconf 78' lang='lat' dir='ltr'>perata</span> <span class='ocrx_word' id='word_1_81' title='bbox 510 1397 653 1480; x_wconf 77' lang='lat' dir='ltr'>posteris</span> <span class='ocrx_word' id='word_1_82' title='bbox 679 1394 791 1456; x_wconf 77' lang='lat' dir='ltr'>auimo</span> <span class='ocrx_word' id='word_1_83' title='bbox 821 1394 1040 1477; x_wconf 80' lang='lat' dir='ltr'>praecipiunt.</span> <span class='ocrx_word' id='word_1_84' title='bbox 1094 1393 1301 1476; x_wconf 78' lang='lat' dir='ltr'>Apollonius</span> 
     </span>
     <span class='ocr_line' id='line_1_11' title="bbox 233 1485 1303 1580; baseline 0.001 -21"><span class='ocrx_word' id='word_1_85' title='bbox 233 1495 277 1560; x_wconf 90' lang='lat' dir='ltr'>de</span> <span class='ocrx_word' id='word_1_86' title='bbox 298 1495 374 1560; x_wconf 87' lang='lat' dir='ltr'>udv.</span> <span class='ocrx_word' id='word_1_87' title='bbox 399 1518 429 1580; x_wconf 92' lang='lat' dir='ltr'>p.</span> <span class='ocrx_word' id='word_1_88' title='bbox 453 1497 528 1576; x_wconf 79' lang='lat'>532,</span> <span class='ocrx_word' id='word_1_89' title='bbox 550 1499 572 1562; x_wconf 84' lang='lat'>5</span> <span class='ocrx_word' id='word_1_90' title='bbox 592 1497 728 1560; x_wconf 76' lang='lat' dir='ltr'>scribite</span> <span class='ocrx_word' id='word_1_91' title='bbox 751 1492 807 1559; x_wconf 79' lang='grc' dir='ltr'>τὸν</span> <span class='ocrx_word' id='word_1_92' title='bbox 827 1495 976 1560; x_wconf 81' lang='grc' dir='ltr'><strong><em>τοιοῦτον</em></strong></span> <span class='ocrx_word' id='word_1_93' title='bbox 996 1485 1303 1579; x_wconf 70' lang='grc' dir='ltr'><strong><em>λόγοιάιριβίστι-</em></strong></span> 
     </span>
     <span class='ocr_line' id='line_1_12' title="bbox 173 1581 1303 1684; baseline -0.001 -24"><span class='ocrx_word' id='word_1_94' title='bbox 173 1605 175 1608; x_wconf 86' lang='grc'><strong>’</strong></span> <span class='ocrx_word' id='word_1_95' title='bbox 233 1619 293 1684; x_wconf 78' lang='grc' dir='ltr'>(ιον</span> <span class='ocrx_word' id='word_1_96' title='bbox 313 1592 347 1661; x_wconf 74' lang='grc' dir='ltr'>ἐν</span> <span class='ocrx_word' id='word_1_97' title='bbox 367 1597 413 1682; x_wconf 77' lang='grc' dir='ltr'>τῷ</span> <span class='ocrx_word' id='word_1_98' title='bbox 434 1595 512 1683; x_wconf 77' lang='grc' dir='ltr'><strong><em>περὶ</em></strong></span> <span class='ocrx_word' id='word_1_99' title='bbox 532 1581 713 1676; x_wconf 56' lang='lat' dir='ltr'>veridicum</span> <span class='ocrx_word' id='word_1_100' title='bbox 734 1593 964 1679; x_wconf 76' lang='grc' dir='ltr'><strong><em>ἑκτιδείμεθα.</em></strong></span> <span class='ocrx_word' id='word_1_101' title='bbox 1011 1596 1057 1660; x_wconf 80' lang='lat' dir='ltr'>At</span> <span class='ocrx_word' id='word_1_102' title='bbox 1077 1597 1175 1660; x_wconf 87' lang='lat' dir='ltr'>modo</span> <span class='ocrx_word' id='word_1_103' title='bbox 1196 1597 1303 1659; x_wconf 83' lang='lat' dir='ltr'>dixe-</span> 
     </span>
     <span class='ocr_line' id='line_1_13' title="bbox 187 1690 1305 1783; baseline 0.002 -21"><span class='ocrx_word' id='word_1_104' title='bbox 187 1700 192 1718; x_wconf 79' lang='lat'><em>&#39;</em></span> <span class='ocrx_word' id='word_1_105' title='bbox 236 1703 291 1762; x_wconf 87' lang='lat' dir='ltr'>rut</span> <span class='ocrx_word' id='word_1_106' title='bbox 323 1701 406 1779; x_wconf 80' lang='grc'><strong>530,</strong></span> <span class='ocrx_word' id='word_1_107' title='bbox 438 1700 480 1764; x_wconf 84' lang='grc'>28</span> <span class='ocrx_word' id='word_1_108' title='bbox 511 1701 561 1778; x_wconf 87' lang='lat' dir='ltr'>(et</span> <span class='ocrx_word' id='word_1_109' title='bbox 593 1701 677 1763; x_wconf 87' lang='lat' dir='ltr'>dicit</span> <span class='ocrx_word' id='word_1_110' title='bbox 704 1699 859 1762; x_wconf 79' lang='lat' dir='ltr'>similiter</span> <span class='ocrx_word' id='word_1_111' title='bbox 878 1697 1045 1781; x_wconf 80' lang='lat' dir='ltr'>saepius)=</span> <span class='ocrx_word' id='word_1_112' title='bbox 1072 1690 1305 1783; x_wconf 75' lang='grc' dir='ltr'><strong><em>ἐντελὲστερσν</em></strong></span> 
     </span>
     <span class='ocr_line' id='line_1_14' title="bbox 232 1793 1402 1888; baseline -0.001 -22"><span class='ocrx_word' id='word_1_113' title='bbox 232 1795 346 1884; x_wconf 79' lang='grc' dir='ltr'><strong><em>μέντοι</em></strong></span> <span class='ocrx_word' id='word_1_114' title='bbox 367 1794 545 1878; x_wconf 79' lang='grc' dir='ltr'><strong><em>δεδείξεται</em></strong></span> <span class='ocrx_word' id='word_1_115' title='bbox 566 1795 601 1866; x_wconf 72' lang='grc' dir='ltr'>ἐν</span> <span class='ocrx_word' id='word_1_116' title='bbox 620 1802 667 1888; x_wconf 79' lang='grc' dir='ltr'>τῷ</span> <span class='ocrx_word' id='word_1_117' title='bbox 687 1799 765 1888; x_wconf 81' lang='grc' dir='ltr'><strong><em>περὶ</em></strong></span> <span class='ocrx_word' id='word_1_118' title='bbox 786 1793 976 1877; x_wconf 81' lang='grc' dir='ltr'><strong><em>συντάξεως.</em></strong></span> <span class='ocrx_word' id='word_1_119' title='bbox 1016 1798 1179 1863; x_wconf 87' lang='lat' dir='ltr'>Videmus</span> <span class='ocrx_word' id='word_1_120' title='bbox 1190 1800 1306 1882; x_wconf 86' lang='lat' dir='ltr'>igitur</span> <span class='ocrx_word' id='word_1_121' title='bbox 1401 1807 1402 1824; x_wconf 66' lang='lat'>¹</span> 
     </span>
     <span class='ocr_line' id='line_1_15' title="bbox 235 1900 1304 1988; baseline -0.002 -22"><span class='ocrx_word' id='word_1_122' title='bbox 235 1921 334 1986; x_wconf 83' lang='lat' dir='ltr'>quom</span> <span class='ocrx_word' id='word_1_123' title='bbox 355 1909 454 1967; x_wconf 81' lang='lat' dir='ltr'>ceute</span> <span class='ocrx_word' id='word_1_124' title='bbox 475 1903 637 1987; x_wconf 82' lang='lat' dir='ltr'>agendum</span> <span class='ocrx_word' id='word_1_125' title='bbox 658 1906 715 1984; x_wconf 87' lang='lat' dir='ltr'>sit,</span> <span class='ocrx_word' id='word_1_126' title='bbox 737 1923 834 1988; x_wconf 81' lang='lat' dir='ltr'>quom</span> <span class='ocrx_word' id='word_1_127' title='bbox 857 1900 1203 1984; x_wconf 78' lang='lat' dir='ltr'>circumspiciendum,</span> <span class='ocrx_word' id='word_1_128' title='bbox 1225 1921 1304 1986; x_wconf 90' lang='lat' dir='ltr'>quo</span> 
     </span>
     <span class='ocr_line' id='line_1_16' title="bbox 235 2002 1304 2088; baseline -0.003 -19"><span class='ocrx_word' id='word_1_129' title='bbox 235 2004 440 2088; x_wconf 81' lang='lat' dir='ltr'>singulorum</span> <span class='ocrx_word' id='word_1_130' title='bbox 473 2004 676 2069; x_wconf 70' lang='lat' dir='ltr'>cousuetudo</span> <span class='ocrx_word' id='word_1_131' title='bbox 702 2003 853 2068; x_wconf 82' lang='lat' dir='ltr'>inclinet.</span> <span class='ocrx_word' id='word_1_132' title='bbox 904 2002 996 2080; x_wconf 81' lang='lat' dir='ltr'>Quid</span> <span class='ocrx_word' id='word_1_133' title='bbox 1025 2004 1114 2087; x_wconf 86' lang='lat' dir='ltr'>quod</span> <span class='ocrx_word' id='word_1_134' title='bbox 1143 2024 1185 2068; x_wconf 86' lang='lat' dir='ltr'>ue</span> <span class='ocrx_word' id='word_1_135' title='bbox 1210 2003 1304 2066; x_wconf 83' lang='lat' dir='ltr'>sciri</span> 
     </span>
     <span class='ocr_line' id='line_1_17' title="bbox 236 2105 1306 2190; baseline -0.002 -20"><span class='ocrx_word' id='word_1_136' title='bbox 236 2107 370 2190; x_wconf 84' lang='lat' dir='ltr'>quidem</span> <span class='ocrx_word' id='word_1_137' title='bbox 382 2111 519 2188; x_wconf 73' lang='lat' dir='ltr'>potest,</span> <span class='ocrx_word' id='word_1_138' title='bbox 540 2114 650 2170; x_wconf 84' lang='lat' dir='ltr'>utrum</span> <span class='ocrx_word' id='word_1_139' title='bbox 672 2106 761 2169; x_wconf 83' lang='lat' dir='ltr'>liber</span> <span class='ocrx_word' id='word_1_140' title='bbox 781 2105 921 2189; x_wconf 77' lang='lat' dir='ltr'>aliquis,</span> <span class='ocrx_word' id='word_1_141' title='bbox 950 2108 1045 2169; x_wconf 90' lang='lat' dir='ltr'>cuius</span> <span class='ocrx_word' id='word_1_142' title='bbox 1067 2111 1185 2168; x_wconf 77' lang='lat' dir='ltr'>auctor</span> <span class='ocrx_word' id='word_1_143' title='bbox 1206 2124 1306 2168; x_wconf 86' lang='lat' dir='ltr'>men-</span> 
     </span>
     <span class='ocr_line' id='line_1_18' title="bbox 236 2204 1305 2289; baseline 0 -19"><span class='ocrx_word' id='word_1_144' title='bbox 236 2207 364 2270; x_wconf 87' lang='lat' dir='ltr'>tionem</span> <span class='ocrx_word' id='word_1_145' title='bbox 390 2206 508 2270; x_wconf 88' lang='lat' dir='ltr'>iniecit</span> <span class='ocrx_word' id='word_1_146' title='bbox 543 2208 726 2289; x_wconf 79' lang='lat' dir='ltr'>praeterito</span> <span class='ocrx_word' id='word_1_147' title='bbox 754 2225 843 2286; x_wconf 83' lang='lat' dir='ltr'>usus,</span> <span class='ocrx_word' id='word_1_148' title='bbox 874 2226 910 2270; x_wconf 88' lang='lat' dir='ltr'>re</span> <span class='ocrx_word' id='word_1_149' title='bbox 941 2227 1022 2272; x_wconf 80' lang='lat' dir='ltr'>veru</span> <span class='ocrx_word' id='word_1_150' title='bbox 1052 2207 1099 2273; x_wconf 90' lang='lat' dir='ltr'>sit</span> <span class='ocrx_word' id='word_1_151' title='bbox 1119 2204 1230 2271; x_wconf 89' lang='lat' dir='ltr'>editus</span> <span class='ocrx_word' id='word_1_152' title='bbox 1253 2225 1305 2270; x_wconf 78' lang='lat' dir='ltr'>en</span> 
     </span>
     <span class='ocr_line' id='line_1_19' title="bbox 234 2305 1303 2405; baseline 0.002 -35"><span class='ocrx_word' id='word_1_153' title='bbox 234 2305 307 2370; x_wconf 83' lang='lat' dir='ltr'>foto</span> <span class='ocrx_word' id='word_1_154' title='bbox 328 2307 555 2405; x_wconf 79' lang='lat' dir='ltr'>interruptusi</span> <span class='ocrx_word' id='word_1_155' title='bbox 595 2306 696 2384; x_wconf 79' lang='lat' dir='ltr'>Quod</span> <span class='ocrx_word' id='word_1_156' title='bbox 717 2309 793 2372; x_wconf 89' lang='lat' dir='ltr'>dum</span> <span class='ocrx_word' id='word_1_157' title='bbox 816 2309 927 2372; x_wconf 78' lang='lat' dir='ltr'>scribo</span> <span class='ocrx_word' id='word_1_158' title='bbox 949 2313 1133 2372; x_wconf 87' lang='lat' dir='ltr'>commovet</span> <span class='ocrx_word' id='word_1_159' title='bbox 1151 2307 1303 2372; x_wconf 78' lang='lat' dir='ltr'>animum</span> 
     </span>
     <span class='ocr_line' id='line_1_20' title="bbox 235 2406 1305 2493; baseline 0.002 -21"><span class='ocrx_word' id='word_1_160' title='bbox 235 2427 343 2472; x_wconf 88' lang='lat' dir='ltr'>meum</span> <span class='ocrx_word' id='word_1_161' title='bbox 373 2406 514 2492; x_wconf 89' lang='lat' dir='ltr'>Spohuii</span> <span class='ocrx_word' id='word_1_162' title='bbox 536 2411 687 2492; x_wconf 83' lang='lat' dir='ltr'>praeciso</span> <span class='ocrx_word' id='word_1_163' title='bbox 708 2429 786 2493; x_wconf 87' lang='lat' dir='ltr'>spes</span> <span class='ocrx_word' id='word_1_164' title='bbox 809 2421 842 2472; x_wconf 88' lang='lat' dir='ltr'>et</span> <span class='ocrx_word' id='word_1_165' title='bbox 863 2409 1108 2492; x_wconf 84' lang='lat' dir='ltr'>philologorum</span> <span class='ocrx_word' id='word_1_166' title='bbox 1131 2407 1305 2474; x_wconf 76' lang='lat' dir='ltr'>frustrata</span> 
     </span>
     <span class='ocr_line' id='line_1_21' title="bbox 236 2510 1307 2594; baseline 0.002 -24"><span class='ocrx_word' id='word_1_167' title='bbox 236 2511 458 2593; x_wconf 75' lang='lat' dir='ltr'>exspectatio:</span> <span class='ocrx_word' id='word_1_168' title='bbox 490 2512 627 2594; x_wconf 83' lang='lat' dir='ltr'>scripsit</span> <span class='ocrx_word' id='word_1_169' title='bbox 654 2513 740 2583; x_wconf 84' lang='lat' dir='ltr'>enim</span> <span class='ocrx_word' id='word_1_170' title='bbox 768 2513 827 2576; x_wconf 89' lang='lat' dir='ltr'>iiie</span> <span class='ocrx_word' id='word_1_171' title='bbox 854 2513 890 2575; x_wconf 90' lang='lat' dir='ltr'>in</span> <span class='ocrx_word' id='word_1_172' title='bbox 913 2512 1040 2575; x_wconf 84' lang='lat' dir='ltr'>minore</span> <span class='ocrx_word' id='word_1_173' title='bbox 1061 2510 1203 2576; x_wconf 83' lang='lat' dir='ltr'>Hesiodi</span> <span class='ocrx_word' id='word_1_174' title='bbox 1224 2511 1307 2573; x_wconf 87' lang='lat' dir='ltr'>edi-</span> 
     </span>
     <span class='ocr_line' id='line_1_22' title="bbox 228 2611 1302 2696; baseline 0 -20"><span class='ocrx_word' id='word_1_175' title='bbox 228 2614 331 2678; x_wconf 88' lang='lat' dir='ltr'>-tiouc</span> <span class='ocrx_word' id='word_1_176' title='bbox 356 2631 388 2677; x_wconf 88' lang='lat' dir='ltr'>v.</span> <span class='ocrx_word' id='word_1_177' title='bbox 413 2613 472 2677; x_wconf 87' lang='grc'>121</span> <span class='ocrx_word' id='word_1_178' title='bbox 495 2611 589 2689; x_wconf 85' lang='lat' dir='ltr'>„Cur</span> <span class='ocrx_word' id='word_1_179' title='bbox 609 2613 674 2678; x_wconf 91' lang='lat' dir='ltr'>hoc</span> <span class='ocrx_word' id='word_1_180' title='bbox 694 2613 769 2678; x_wconf 90' lang='lat' dir='ltr'>ioco</span> <span class='ocrx_word' id='word_1_181' title='bbox 791 2613 854 2680; x_wconf 79' lang='lat' dir='ltr'>hou</span> <span class='ocrx_word' id='word_1_182' title='bbox 874 2629 992 2678; x_wconf 80' lang='lat' dir='ltr'>versus</span> <span class='ocrx_word' id='word_1_183' title='bbox 1014 2613 1180 2696; x_wconf 87' lang='lat' dir='ltr'>posuerim</span> <span class='ocrx_word' id='word_1_184' title='bbox 1202 2612 1302 2676; x_wconf 85' lang='lat' dir='ltr'>dixi</span> 
     </span>
     <span class='ocr_line' id='line_1_23' title="bbox 237 2711 905 2778; baseline -0.009 -2"><span class='ocrx_word' id='word_1_185' title='bbox 237 2715 274 2776; x_wconf 90' lang='lat' dir='ltr'>iu</span> <span class='ocrx_word' id='word_1_186' title='bbox 295 2711 347 2778; x_wconf 88' lang='lat' dir='ltr'>ed.</span> <span class='ocrx_word' id='word_1_187' title='bbox 369 2713 525 2778; x_wconf 78' lang='lat' dir='ltr'>maiore«</span> <span class='ocrx_word' id='word_1_188' title='bbox 547 2748 589 2762; x_wconf 89' lang='lat'>-</span> <span class='ocrx_word' id='word_1_189' title='bbox 902 2721 905 2728; x_wconf 84' lang='grc'><strong>’</strong></span> 
     </span>
    </p>

    <p class='ocr_par' dir='ltr' id='par_1_5' title="bbox 237 2813 1307 2986">
     <span class='ocr_line' id='line_1_24' title="bbox 323 2813 1307 2900; baseline 0.004 -22"><span class='ocrx_word' id='word_1_190' title='bbox 323 2813 379 2878; x_wconf 84' lang='lat' dir='ltr'>Ex</span> <span class='ocrx_word' id='word_1_191' title='bbox 401 2815 645 2900; x_wconf 81' lang='lat' dir='ltr'>antiquioribus</span> <span class='ocrx_word' id='word_1_192' title='bbox 666 2817 844 2884; x_wconf 82' lang='lat' dir='ltr'>videndum</span> <span class='ocrx_word' id='word_1_193' title='bbox 866 2816 931 2880; x_wconf 91' lang='lat' dir='ltr'>erit</span> <span class='ocrx_word' id='word_1_194' title='bbox 952 2834 1047 2900; x_wconf 86' lang='lat' dir='ltr'>quem</span> <span class='ocrx_word' id='word_1_195' title='bbox 1068 2816 1178 2900; x_wconf 86' lang='lat' dir='ltr'>possit</span> <span class='ocrx_word' id='word_1_196' title='bbox 1197 2813 1307 2883; x_wconf 83' lang='lat' dir='ltr'>huius</span> 
     </span>
     <span class='ocr_line' id='line_1_25' title="bbox 237 2913 1036 2986; baseline 0.008 -9"><span class='ocrx_word' id='word_1_197' title='bbox 237 2913 289 2978; x_wconf 86' lang='lat' dir='ltr'>rei</span> <span class='ocrx_word' id='word_1_198' title='bbox 310 2915 503 2980; x_wconf 74' lang='lat' dir='ltr'>observatio</span> <span class='ocrx_word' id='word_1_199' title='bbox 523 2918 559 2982; x_wconf 92' lang='lat' dir='ltr'>iu</span> <span class='ocrx_word' id='word_1_200' title='bbox 580 2920 761 2986; x_wconf 82' lang='lat' dir='ltr'>Aristotele</span> <span class='ocrx_word' id='word_1_201' title='bbox 781 2939 875 2984; x_wconf 87' lang='lat' dir='ltr'>usum</span> <span class='ocrx_word' id='word_1_202' title='bbox 902 2916 1036 2983; x_wconf 82' lang='lat' dir='ltr'>habere.</span> 
     </span>
    </p>

    <p class='ocr_par' dir='ltr' id='par_1_6' title="bbox 174 3013 1310 3613">
     <span class='ocr_line' id='line_1_26' title="bbox 325 3013 1306 3104; baseline 0.003 -26"><span class='ocrx_word' id='word_1_203' title='bbox 325 3013 393 3079; x_wconf 86' lang='lat' dir='ltr'>Sed</span> <span class='ocrx_word' id='word_1_204' title='bbox 420 3022 456 3082; x_wconf 92' lang='lat' dir='ltr'>ut</span> <span class='ocrx_word' id='word_1_205' title='bbox 485 3017 671 3101; x_wconf 84' lang='lat' dir='ltr'>perfectum</span> <span class='ocrx_word' id='word_1_206' title='bbox 694 3027 729 3086; x_wconf 87' lang='lat' dir='ltr'>et</span> <span class='ocrx_word' id='word_1_207' title='bbox 749 3021 914 3102; x_wconf 73' lang='lat' dir='ltr'>norisius,</span> <span class='ocrx_word' id='word_1_208' title='bbox 943 3022 994 3098; x_wconf 83' lang='lat' dir='ltr'>sic</span> <span class='ocrx_word' id='word_1_209' title='bbox 1014 3037 1171 3104; x_wconf 82' lang='lat' dir='ltr'>praeseus</span> <span class='ocrx_word' id='word_1_210' title='bbox 1192 3016 1306 3081; x_wconf 83' lang='lat' dir='ltr'>ombi-</span> 
     </span>
     <span class='ocr_line' id='line_1_27' title="bbox 239 3115 1306 3206; baseline 0.006 -28"><span class='ocrx_word' id='word_1_211' title='bbox 239 3134 349 3198; x_wconf 84' lang='lat' dir='ltr'>guum.</span> <span class='ocrx_word' id='word_1_212' title='bbox 392 3115 479 3183; x_wconf 87' lang='lat' dir='ltr'>Num</span> <span class='ocrx_word' id='word_1_213' title='bbox 501 3139 563 3204; x_wconf 88' lang='lat' dir='ltr'>per</span> <span class='ocrx_word' id='word_1_214' title='bbox 584 3141 742 3205; x_wconf 80' lang='lat' dir='ltr'>praeseus</span> <span class='ocrx_word' id='word_1_215' title='bbox 761 3123 955 3206; x_wconf 80' lang='lat' dir='ltr'>saepissime</span> <span class='ocrx_word' id='word_1_216' title='bbox 976 3120 1019 3186; x_wconf 85' lang='lat' dir='ltr'>ad</span> <span class='ocrx_word' id='word_1_217' title='bbox 1041 3141 1101 3185; x_wconf 86' lang='lat' dir='ltr'>suu</span> <span class='ocrx_word' id='word_1_218' title='bbox 1122 3122 1306 3201; x_wconf 74' lang='lat' dir='ltr'>scripisse</span> 
     </span>
     <span class='ocr_line' id='line_1_28' title="bbox 238 3211 1310 3313; baseline 0.003 -29"><span class='ocrx_word' id='word_1_219' title='bbox 238 3215 404 3300; x_wconf 59' lang='lat' dir='ltr'>scierunt,</span> <span class='ocrx_word' id='word_1_220' title='bbox 426 3211 472 3296; x_wconf 81' lang='grc' dir='ltr'>ὡς</span> <span class='ocrx_word' id='word_1_221' title='bbox 492 3215 654 3288; x_wconf 71' lang='grc' dir='ltr'><strong><em>δείκνυται</em></strong></span> <span class='ocrx_word' id='word_1_222' title='bbox 674 3217 710 3290; x_wconf 75' lang='grc' dir='ltr'>ἔν</span> <span class='ocrx_word' id='word_1_223' title='bbox 729 3226 776 3310; x_wconf 81' lang='grc' dir='ltr'>τῷ</span> <span class='ocrx_word' id='word_1_224' title='bbox 797 3212 874 3310; x_wconf 69' lang='grc' dir='ltr'>περί</span> <span class='ocrx_word' id='word_1_225' title='bbox 895 3216 1144 3313; x_wconf 77' lang='grc' dir='ltr'><strong><em>δπιῤῥημδτων,</em></strong></span> <span class='ocrx_word' id='word_1_226' title='bbox 1173 3217 1310 3305; x_wconf 79' lang='grc' dir='ltr'><strong><em>λέγεταί</em></strong></span> 
     </span>
     <span class='ocr_line' id='line_1_29' title="bbox 239 3313 1308 3414; baseline 0.005 -33"><span class='ocrx_word' id='word_1_227' title='bbox 239 3338 300 3400; x_wconf 86' lang='grc' dir='ltr'>μοι</span> <span class='ocrx_word' id='word_1_228' title='bbox 321 3315 401 3406; x_wconf 74' lang='grc' dir='ltr'><strong><em>περί</em></strong></span> <span class='ocrx_word' id='word_1_229' title='bbox 421 3313 546 3386; x_wconf 79' lang='grc' dir='ltr'><strong><em>τούτων</em></strong></span> <span class='ocrx_word' id='word_1_230' title='bbox 565 3319 598 3388; x_wconf 78' lang='grc' dir='ltr'>ἔν</span> <span class='ocrx_word' id='word_1_231' title='bbox 617 3325 664 3412; x_wconf 78' lang='grc' dir='ltr'>τῷ</span> <span class='ocrx_word' id='word_1_232' title='bbox 685 3323 763 3414; x_wconf 76' lang='grc' dir='ltr'><strong><em>περί</em></strong></span> <span class='ocrx_word' id='word_1_233' title='bbox 783 3324 964 3410; x_wconf 78' lang='grc' dir='ltr'><strong><em>καθολικῆς</em></strong></span> <span class='ocrx_word' id='word_1_234' title='bbox 995 3318 1182 3408; x_wconf 64' lang='lat' dir='ltr'>appendice</span> <span class='ocrx_word' id='word_1_235' title='bbox 1208 3325 1308 3395; x_wconf 76' lang='lat' dir='ltr'>(uum</span> 
     </span>
     <span class='ocr_line' id='line_1_30' title="bbox 174 3417 1304 3510; baseline 0.003 -25"><span class='ocrx_word' id='word_1_236' title='bbox 174 3480 176 3485; x_wconf 85' lang='lat'><em>.</em></span> <span class='ocrx_word' id='word_1_237' title='bbox 238 3417 454 3485; x_wconf 84' lang='lat' dir='ltr'>Herodianus</span> <span class='ocrx_word' id='word_1_238' title='bbox 464 3421 499 3486; x_wconf 91' lang='lat' dir='ltr'>iu</span> <span class='ocrx_word' id='word_1_239' title='bbox 510 3421 574 3489; x_wconf 88' lang='lat' dir='ltr'>hoo</span> <span class='ocrx_word' id='word_1_240' title='bbox 584 3445 705 3508; x_wconf 83' lang='lat' dir='ltr'>genere</span> <span class='ocrx_word' id='word_1_241' title='bbox 716 3426 859 3510; x_wconf 85' lang='lat' dir='ltr'>creber),</span> <span class='ocrx_word' id='word_1_242' title='bbox 878 3431 912 3492; x_wconf 87' lang='lat' dir='ltr'>et</span> <span class='ocrx_word' id='word_1_243' title='bbox 921 3425 1088 3492; x_wconf 84' lang='lat' dir='ltr'>similiter.</span> <span class='ocrx_word' id='word_1_244' title='bbox 1100 3425 1304 3502; x_wconf 79' lang='lat' dir='ltr'>Ambiguum</span> 
     </span>
     <span class='ocr_line' id='line_1_31' title="bbox 238 3523 1310 3613; baseline 0.007 -29"><span class='ocrx_word' id='word_1_245' title='bbox 238 3525 348 3586; x_wconf 79' lang='lat' dir='ltr'>autem</span> <span class='ocrx_word' id='word_1_246' title='bbox 370 3523 532 3589; x_wconf 82' lang='lat' dir='ltr'>eiusmodi</span> <span class='ocrx_word' id='word_1_247' title='bbox 553 3545 710 3611; x_wconf 80' lang='lat' dir='ltr'>praeseus</span> <span class='ocrx_word' id='word_1_248' title='bbox 732 3537 841 3594; x_wconf 90' lang='lat' dir='ltr'>utrum</span> <span class='ocrx_word' id='word_1_249' title='bbox 863 3529 1077 3613; x_wconf 80' lang='lat' dir='ltr'>praeteritum</span> <span class='ocrx_word' id='word_1_250' title='bbox 1100 3525 1310 3591; x_wconf 82' lang='lat' dir='ltr'>eusuturuur</span> 
     </span>
    </p>
   </div>
   <div class='ocr_carea' id='block_1_5' title="bbox 239 3613 1309 3917">
    <p class='ocr_par' dir='ltr' id='par_1_7' title="bbox 239 3613 1309 3917">
     <span class='ocr_line' id='line_1_32' title="bbox 239 3613 1308 3716; baseline 0.005 -30"><span class='ocrx_word' id='word_1_251' title='bbox 239 3613 370 3707; x_wconf 90' lang='lat' dir='ltr'>tempus</span> <span class='ocrx_word' id='word_1_252' title='bbox 390 3629 529 3710; x_wconf 84' lang='lat' dir='ltr'>spectet.</span> <span class='ocrx_word' id='word_1_253' title='bbox 571 3624 729 3711; x_wconf 68' lang='lat' dir='ltr'>Apoliou.</span> <span class='ocrx_word' id='word_1_254' title='bbox 749 3629 825 3693; x_wconf 84' lang='lat' dir='ltr'>edu.</span> <span class='ocrx_word' id='word_1_255' title='bbox 846 3633 920 3709; x_wconf 76' lang='lat'><strong>532,</strong></span> <span class='ocrx_word' id='word_1_256' title='bbox 942 3631 984 3697; x_wconf 76' lang='grc'>30</span> <span class='ocrx_word' id='word_1_257' title='bbox 1004 3620 1106 3695; x_wconf 76' lang='grc' dir='ltr'><strong><em>πάλιν</em></strong></span> <span class='ocrx_word' id='word_1_258' title='bbox 1125 3619 1146 3710; x_wconf 77' lang='grc' dir='ltr'><strong><em>ἦ</em></strong></span> <span class='ocrx_word' id='word_1_259' title='bbox 1166 3620 1308 3716; x_wconf 78' lang='grc' dir='ltr'><strong><em>τοιαύτη</em></strong></span> 
     </span>
     <span class='ocr_line' id='line_1_33' title="bbox 241 3715 1309 3817; baseline 0.006 -29"><span class='ocrx_word' id='word_1_260' title='bbox 241 3715 391 3803; x_wconf 76' lang='grc' dir='ltr'><strong><em>σύνταξις</em></strong></span> <span class='ocrx_word' id='word_1_261' title='bbox 416 3722 470 3793; x_wconf 75' lang='grc' dir='ltr'>διὰ</span> <span class='ocrx_word' id='word_1_262' title='bbox 496 3726 631 3793; x_wconf 75' lang='grc' dir='ltr'><em>πολλῶν</em></span> <span class='ocrx_word' id='word_1_263' title='bbox 656 3730 874 3816; x_wconf 74' lang='grc' dir='ltr'><strong><em>παραθίστωτ</em></strong></span> <span class='ocrx_word' id='word_1_264' title='bbox 899 3728 933 3798; x_wconf 81' lang='grc' dir='ltr'>ἕν</span> <span class='ocrx_word' id='word_1_265' title='bbox 957 3732 1004 3817; x_wconf 78' lang='grc' dir='ltr'>τῷ</span> <span class='ocrx_word' id='word_1_266' title='bbox 1025 3727 1103 3815; x_wconf 81' lang='grc' dir='ltr'><strong><em>περί</em></strong></span> <span class='ocrx_word' id='word_1_267' title='bbox 1123 3720 1309 3806; x_wconf 69' lang='grc' dir='ltr'><strong><em>συντάξεως</em></strong></span> 
     </span>
     <span class='ocr_line' id='line_1_34' title="bbox 243 3816 1307 3917; baseline 0.008 -30"><span class='ocrx_word' id='word_1_268' title='bbox 243 3816 452 3893; x_wconf 74' lang='grc' dir='ltr'><strong><em>ἀποδίδοται.</em></strong></span> <span class='ocrx_word' id='word_1_269' title='bbox 496 3829 573 3896; x_wconf 90' lang='lat' dir='ltr'>Hoc</span> <span class='ocrx_word' id='word_1_270' title='bbox 593 3829 637 3896; x_wconf 83' lang='lat' dir='ltr'>ad</span> <span class='ocrx_word' id='word_1_271' title='bbox 658 3835 845 3914; x_wconf 80' lang='lat' dir='ltr'>posteriore</span> <span class='ocrx_word' id='word_1_272' title='bbox 866 3839 1008 3917; x_wconf 78' lang='lat' dir='ltr'>spectet.</span> <span class='ocrx_word' id='word_1_273' title='bbox 1051 3833 1106 3897; x_wconf 90' lang='lat' dir='ltr'>De</span> <span class='ocrx_word' id='word_1_274' title='bbox 1127 3832 1307 3896; x_wconf 79' lang='lat' dir='ltr'>contrario</span> 
     </span>
    </p>
   </div>
   <div class='ocr_carea' id='block_1_6' title="bbox 241 3951 466 3975">
    <p class='ocr_par' dir='ltr' id='par_1_8' title="bbox 241 3951 466 3975">
     <span class='ocr_line' id='line_1_35' title="bbox 241 3951 466 3975; baseline 0.009 -4"><span class='ocrx_word' id='word_1_275' title='bbox 241 3951 466 3975; x_wconf 50' lang='lat' dir='ltr'>*uun——</span> 
     </span>
    </p>
   </div>
   <div class='ocr_carea' id='block_1_7' title="bbox 247 4027 1235 4106">
    <p class='ocr_par' dir='ltr' id='par_1_9' title="bbox 247 4027 1235 4106">
     <span class='ocr_line' id='line_1_36' title="bbox 247 4027 1235 4106; baseline 0.001 -15"><span class='ocrx_word' id='word_1_276' title='bbox 247 4073 251 4078; x_wconf 91' lang='lat'>-</span> <span class='ocrx_word' id='word_1_277' title='bbox 308 4027 334 4091; x_wconf 75' lang='lat' dir='ltr'>*i</span> <span class='ocrx_word' id='word_1_278' title='bbox 352 4042 378 4081; x_wconf 72' lang='lat' dir='ltr'>t·</span> <span class='ocrx_word' id='word_1_279' title='bbox 389 4027 498 4098; x_wconf 75' lang='lat' dir='ltr'>Heyler</span> <span class='ocrx_word' id='word_1_280' title='bbox 513 4031 549 4090; x_wconf 81' lang='lat' dir='ltr'>ud</span> <span class='ocrx_word' id='word_1_281' title='bbox 565 4049 613 4103; x_wconf 77' lang='lat' dir='ltr'>ep.</span> <span class='ocrx_word' id='word_1_282' title='bbox 626 4033 685 4094; x_wconf 68' lang='grc' dir='ltr'><strong><em>διδ.</em></strong></span> <span class='ocrx_word' id='word_1_283' title='bbox 703 4051 732 4106; x_wconf 86' lang='lat' dir='ltr'>p.</span> <span class='ocrx_word' id='word_1_284' title='bbox 749 4037 809 4094; x_wconf 81' lang='grc'>212.</span> <span class='ocrx_word' id='word_1_285' title='bbox 827 4034 916 4106; x_wconf 77' lang='lat' dir='ltr'>wyte</span> <span class='ocrx_word' id='word_1_286' title='bbox 933 4034 970 4092; x_wconf 85' lang='grc' dir='ltr'>ιδ</span> <span class='ocrx_word' id='word_1_287' title='bbox 985 4033 1059 4092; x_wconf 82' lang='lat' dir='ltr'>Plut.</span> <span class='ocrx_word' id='word_1_288' title='bbox 1081 4033 1106 4090; x_wconf 87' lang='lat'>1.</span> <span class='ocrx_word' id='word_1_289' title='bbox 1125 4049 1153 4102; x_wconf 84' lang='lat' dir='ltr'>p.</span> <span class='ocrx_word' id='word_1_290' title='bbox 1174 4035 1235 4092; x_wconf 75' lang='grc'>206.</span> 
     </span>
    </p>
   </div>
   <div class='ocr_carea' id='block_1_8' title="bbox 0 0 1421 4826">
    <p class='ocr_par' dir='ltr' id='par_1_10' title="bbox 0 0 1421 4826">
     <span class='ocr_line' id='line_1_37' title="bbox 0 0 1421 4826; baseline 0 0"><span class='ocrx_word' id='word_1_291' title='bbox 0 0 1421 4826; x_wconf 95' lang='lat' dir='ltr'> </span> 
     </span>
    </p>
   </div>
  </div>
 </body>
</html>
