2774 4824
254 371 329 446 112

254 577 339 642 σθαι
359 571 397 638 τὸ
419 565 539 636 ἔπλετο
561 565 668 658 ῥῆμα,
693 564 737 630 el.
766 563 880 650 Apoll.
908 563 996 646 synt.
1020 561 1092 630 144.
1117 564 1154 630 et
1175 583 1324 652 respexe-

254 681 308 741 rat
338 674 383 756 E,
415 673 475 749 64,
507 674 551 736 ut·
576 674 676 736 anteo
707 668 927 735 dictumest.
958 664 1004 731 of.
1027 665 1154 732 Arcnd.
1178 668 1251 734 144.
1271 668 1321 735 Jo.

253 776 357 872 Char.
382 774 477 841 1154.

240 891 249 906 “
337 892 560 962 Memorabiio
585 891 729 977 primum
756 887 839 970 hoc,
862 887 972 1010 qnod„
973 887 1121 955 editores
1142 888 1244 955 hodie
1264 910 1323 954 non

253 999 365 1066 solent
397 995 588 1062 reminisci·
622 989 653 1060 εἶ
684 993 762 1080 γοῦν
790 987 881 1069 ἐντὸς
912 991 972 1056 τοῦ
999 989 1184 1075 συνδέσμου
1205 989 1321 1078 με’νοιτο

252 1094 274 1189 ἡ
298 1093 498 1224 ἀντωνυμία,
521 1119 562 1164 ου
573 1119 705 1173 παντως
715 1085 995 1180 νρθοτονησετσι,
1018 1089 1243 1182 ἐχαρίσατό
1265 1117 1322 1160 σοι

254 1180 328 1269 καί
353 1194 578 1320 Διονυσίῳ,
608 1192 779 1284 ἐτίμησέ
804 1217 848 1263 σε
868 1193 937 1262 καί
960 1189 1203 1265 Διονύσιον.
1244 1197 1322 1266 Nam

255 1306 291 1372 in
312 1304 368 1371 his
388 1303 485 1390 prior
506 1321 605 1368 casus
627 1292 668 1366 οά
690 1321 729 1366 συ
729 1297 994 1384 μπέπλεκιοιι*).

338 1422 474 1488 Deinde
494 1423 539 1486 11.
565 1421 611 1500 Ψ,
632 1419 698 1486 ⁷24

423 1515 499 1610 ἤμ
523 1514 691 1609 ἀνάειρη
674 1514 779 1604 ’ἐγὼ
800 1518 850 1604 σε’,

252 1626 312 1694 hio
333 1626 535 1712 antiquitus,
563 1630 599 1690 et
620 1627 659 1688 ut
679 1624 815 1688 videtur
835 1623 915 1690 indo
936 1623 978 1690 ab
1000 1622 1205 1690 Arietarcho
1223 1625 1320 1690 tradi-

252 1737 307 1795 tus
322 1733 494 1797 ‚accentus
521 1733 603 1793 erat.
652 1725 730 1791 Hoc
757 1733 877 1792 contra
902 1727 1052 1808 reguiam
1075 1747 1149 1793 esse
1171 1732 1322 1794 observo·
1380 1807 1383 1820 .

250 1838 351 1899 *verat
376 1831 516 1911 flabro,
546 1824 660 1914 Ap'oli.
692 1836 784 1914 synt.
812 1831 896 1895 126:
927 1828 1130 1912 Apollonios
1151 1832 1322 1896 assentitur

254 1937 288 2002 ei
317 1940 353 2000 et
377 1926 431 2022 ἦμ’
463 1925 595 2019 ἀνάειρε
617 1951 679 2016 por
700 1929 814 1996 cresin
836 1931 1050 1996 scribendum
1073 1951 1147 1998 esse
1169 1933 1322 2006 defendit,
1382 1981 1383 2021 ρ

254 2043 293 2102 ut
314 2037 413 2121 τωμῷ
434 2027 661 2120 κεχαρισμένε,
684 2034 772 2120 τημῇ
794 2027 920 2120 κλισίῃ,
951 2040 1040 2119 synt.
1064 2037 1138 2100 126.
1162 2056 1255 2120 pron.
1276 2037 1321 2100 51.

257 2137 361 2216 Quod
382 2138 424 2200 ob
444 2135 510 2200 hnc
531 2141 640 2200 aetate
664 2135 819 2218 plurimis
841 2142 1013 2222 acceptum
1031 2135 1139 2204 fnisse
1149 2139 1323 2203 videbitur.
1380 2171 1381 2174 ε

147 2275 154 2303 ι
256 2241 313 2304 Jo.
326 2239 428 2303 Char.
452 2239 537 2322 1154
558 2231 593 2302 αἲ
611 2233 782 2331 μετὰτῶν
804 2238 1052 2320 συμπλεκτικῶν
1069 2237 1130 2304 ’καί
1154 2239 1324 2322 διαζευκτι-

256 2343 322 2407 κιῦν
343 2332 620 2428 ἀράοτσνοῦνται·
642 2335 680 2402 τὸ
702 2335 763 2427 γὰρ
785 2331 839 2424 titi
863 2333 996 2426 ἀνάειρε
1017 2339 1055 2406 τὸ
1078 2336 1325 2431 εσυνεκεράσάη

258 2440 343 2526 μετά
369 2442 429 2509 τοῦ
459 2464 480 2528 η
507 2439 577 2534 (Cf.
606 2439 759 2507 Miitzell.
782 2441 864 2506 Hes.
887 2464 920 2527 p.
942 2445 1010 2522 38).
1033 2479 1071 2492 -
1095 2445 1138 2508 In
1157 2437 1323 2529 Ισυμπλοκῇ

261 2565 394 2612 casuum
406 2543 606 2629 Apollonius
628 2543 763 2608 eosdem
786 2551 884 2610 ersus
907 2548 1065 2631 requirit.
1089 2547 1136 2611 cf.
1158 2553 1246 2634 synt.
1258 2547 1323 2612 217.

341 2638 375 2714 1.
397 2668 428 2714 a.
455 2646 718 2712 Pronominibus
746 2649 987 2730 personalibus
1004 2657 1194 2733 pronomen
1209 2652 1324 2736 epitog-

258 2753 485 2832 maticon**)‚
506 2748 532 2815 i.
553 2769 584 2816 e.
607 2741 711 2830 οὗτός
727 2752 894 2818 adiectum
922 2754 1071 2837 postulat
1098 2753 1234 2820 iliorum
1258 2751 1322 2816 for·
1380 2767 1381 2770 ’

330 3027 354 3090 *J
371 3026 415 3082 61.
436 3031 525 3080 temen
548 3024 653 3084 Herod.
686 3029 723 3094 Γ,
747 3029 808 3085 roo.
856 3024 1055 3085 Animadverte
1081 3026 1265 3098 Apollonion
1286 3021 1326 3080 di·

263 3126 329 3169 σεῖο
351 3109 383 3168 οά
405 3105 520 3171 πάντως.

331 3215 371 3276 ”t
388 3211 565 3268 Numenium
582 3215 619 3269 ab
641 3213 805 3273 Aristarcho
824 3215 979 3283 inductum,
996 3215 1130 3286 Apellen.
1148 3231 1230 3284 pron.
1246 3231 1273 3284 μ.
1288 3213 1327 3270 11»

262 3301 290 3356 Α
314 3302 486 3373 νπρσείρνμαι
507 3295 545 3358 ὣς
566 3301 650 3355 ποντλ
673 3297 808 3370 προςιίπῳ
832 3299 1060 3372 ὀρθοτονονμένφ
1081 3296 1205 3368 σύνεστι,
1228 3297 1270 3354 διὸ
1287 3296 1328 3352 καὶ

262 3380 461 3455 ’ἐπιταγμστικὴ
478 3381 598 3439 ἐκαλεῖτο
614 3381 873 3460 ὑπὸἈριστάρχου.1
886 3387 928 3442 Gi.
946 3388 1022 3444 dl.G
1039 3384 1056 3454 ἡ
1073 3385 1154 3450 αὐτὸς
1170 3384 1330 3460 πτίσράντω·

262 3476 350 3544 νυμίρ
367 3465 597 3550 ἔπιζάσσεται,
616 3466 670 3538 1μῶ
688 3467 779 3538 αὐτός,
798 3471 899 3531 ἐκεῖνος
916 3467 1017 3534 αὐτός*
1029 3473 1117 3528 Pron.
1135 3492 1163 3546 p.
1182 3479 1234 3532 147
1249 3485 1329 3539 quae-

263 3559 315 3624 rit,
333 3575 384 3614 rur
401 3573 462 3612 enm
479 3555 550 3610 illud
569 3553 649 3616 αὐτός
666 3567 694 3610 et
711 3567 897 3625 proeponatur
914 3558 1138 3628 μεσσοιοίοὶλνοε,
1157 3557 1230 3629 αὐτῷ
1238 3575 1278 3610 τοι
1285 3570 1330 3626 με·

163 3664 166 3677 ·
263 3639 408 3711 τίπισθεν,
426 3651 454 3698 et
471 3649 664 3714 postponatur,
680 3657 780 3696 nomen
797 3643 939 3712 occeperit
954 3645 990 3697 ab
1007 3645 1084 3710 hoc,
1102 3635 1331 3713 ἐπιταγματικόν,

263 3725 333 3792 (ἀπὸ
349 3730 395 3796 τῆς
409 3724 583 3808 ἀποτάξεως).
617 3729 687 3784 Item
705 3728 805 3782 sactum
822 3744 885 3782 esse
901 3728 941 3782 nit
958 3739 988 3782 ut
1005 3729 1034 3782 in
1053 3725 1238 3801 ἐπιρρήματι.
1264 3729 1332 3782 For·

265 3821 351 3880 tasse,
368 3813 476 3882 pergit,
493 3813 535 3868 sic
553 3813 643 3867 videri
661 3813 749 3882 possit
766 3814 883 3892 dicturo,
901 3823 932 3866 ut
947 3813 973 3868 si
990 3815 1180 3885 praepositum
1198 3815 1234 3869 sit
1250 3805 1333 3873 αὐτός,

265 3895 407 3965 significet
422 3898 492 3953 illud
511 3899 596 3954 οἱονεὶ
612 3887 682 3968 ἐφ’
666 3894 817 3972 ητοισσετιιι
826 3891 892 3964 αλιη
902 3895 1059 3968 ἀντωνυμία
1071 3901 1136 3962 (hoe
1146 3903 1258 3955 verbnm
1267 3895 1334 3950 adde

264 3990 330 4050 post
338 3975 440 4051 αλληρ
449 3987 507 4042 148.
516 3984 564 4047 Α).
590 3985 717 4039 Attamen
727 3985 782 4039 hoc
792 3983 976 4054 improbavit
966 4001 995 4038 rn
1005 4000 1038 4038 ea
1046 3994 1124 4056 parte
1133 3980 1334 4053 disputationis,

265 4081 338 4134 quoe
359 4084 432 4124 nunc
453 4069 554 4126 omisso
576 4078 628 4126 eet.
672 4069 758 4127 Redit
779 4067 852 4125 enim
873 4071 909 4125 od
930 4069 1002 4126 iilud
1025 4071 1061 4124 de
1086 4069 1149 4127 adv.
1174 4089 1210 4142 p.
1225 4069 1333 4136 6.’15,8ε
