2806 4826
229 461 256 537 4
364 547 369 555 .

188 643 194 660 l
228 665 296 729 lum
325 657 473 745 appellat
499 655 662 720 Uranium
691 605 930 730 3333133ιῆ.α
979 651 1027 717 111
1054 654 1291 720 313ιί311331.Ι

228 757 324 830 cetui·
364 781 442 826 suae
481 757 585 840 ipsius
625 757 751 838 gloriae
790 775 986 837 praeconem
1021 751 1124 836 spisse
1156 756 1291 823 Plinius
1333 767 1338 772 “

226 868 343 930 maluit
362 885 434 926 enni
455 862 609 943 propriae
624 857 733 920 famae
754 865 946 940 tympanum
968 856 1053 920 diei:
1076 878 1139 920 nec
1155 861 1290 942 cymba·

226 971 311 1040 lum,
335 964 395 1028 sed
417 971 617 1044 tympanum,
646 961 725 1042 quia
742 958 807 1021 hoc
824 979 978 1022 sonorum
998 962 1099 1023 ctiam
1121 978 1202 1042 prae
1219 959 1289 1024 illo.

262 1133 266 1140 ,
309 1066 460 1144 „Vitium
483 1061 694 1144 studiumque
717 1048 971 1125 3313331ἰοί113ιι
994 1061 1026 1124 ei
1042 1061 1199 1124 attribuit
1211 1062 1291 1125 Gel-

224 1174 292 1238 lius
318 1168 370 1252 V,
401 1167 458 1230 141
487 1169 522 1227 31
551 1184 646 1240 „esse
678 1163 727 1226 ait
754 1185 833 1227 sane
862 1183 969 1247 quam,
988 1162 1024 1228 in
1052 1162 1290 1246 praedicandis

225 1253 389 1340 doctrinis
412 1269 480 1331 suis
502 1263 769 1329 venditatorem“
793 1267 838 1328 ib.

307 1387 385 1455 Neo
407 1385 555 1450 dubitari
577 1389 692 1467 potest
713 1416 754 1432 -
776 1389 844 1446 tam
867 1384 1060 1465 conspirant
1082 1383 1209 1450 diserta
1240 1390 1290 1448 te-

223 1494 425 1560 stimonia-
437 1488 517 1571 quin
539 1483 623 1549 haec
644 1485 716 1548 eius
728 1484 917 1549 venditatio
930 1507 970 1548 ea
981 1484 1098 1566 fuerit,
1112 1507 1197 1570 quae
1212 1487 1290 1570 qui-

222 1597 378 1674 busdam,
401 1589 507 1657 veluti
519 1586 644 1664 Plinio,
666 1583 875 1650 stomachum
896 1588 1053 1669 moverit,
1075 1589 1288 1671 311133133-

221 1701 274 1762 bis
294 1697 389 1779 ipsis,
410 1694 515 1760 risum
536 1707 672 1756 movere
694 1687 824 1754 debeat·

178 1805 180 1814 ’
304 1798 390 1860 Sunt
425 1795 512 1858 enim
547 1791 719 1874 complura
750 1791 888 1856 nimium
917 1796 1075 1875 qnantum
1101 1790 1224 1858 festiva
1252 1799 1288 1856 31

218 1899 375 1966 ridicula.
417 1891 558 1958 Jutlaeis
579 1892 730 1962 infensus
752 1894 839 1956 vitio
861 1893 966 1972 dedit,
989 1895 1098 1958 nullos
1119 1895 1208 1959 iuter
1229 1915 1288 1959 eos
1302 1939 1318 1952 ,

179 2041 182 2048 -
217 2001 391 2091 exstitisse
412 1995 569 2060 doctrina
592 1999 817 2076 praestantes.
840 2000 910 2058 tum
921 1995 1072 2059 Graecos
1094 2003 1213 2084 contra
1229 2017 1288 2080 po-

217 2123 301 2190 nens
330 2101 520 2170 Socratem,
549 2095 738 2173 Zenonem,
766 2096 852 2159 alios
873 2095 916 2158 de
937 2079 1145 2180 principibus
1167 2117 1287 2162 evoca·

217 2208 268 2271 vit
298 2191 408 2278 „elau
428 2195 473 2261 τὸ
495 2188 912 2276 θαυμασιώτατον..
936 2192 1105 2274 ,αὐτὸς
1137 2193 1286 2264 ἑαυτὸν

218 2295 472 2390 προςτίθησι
507 2293 578 2360 καὶ
606 2291 828 2382 μακαρίζει
855 2295 928 2380 τὴν
950 2288 1285 2386 Ἀλεξάνδρειαν,

213 2401 279 2484 ὅτι
310 2399 505 2467 τοιοῦτον
538 2393 621 2476 ἔχει
646 2392 852 2484 πολίτην.“
909 2399 1049 2482 Joseph.
1081 2407 1190 2466 contr.
1220 2403 1285 2485 Ap.

212 2507 262 2586 11,
290 2505 343 2568 12.
393 2499 636 2566 infestissimus
657 2498 916 2585 illidosephus:
937 2508 1082 2566 attamen
1104 2500 1169 2567 hoo
1189 2524 1286 2568 men-

122 2755 124 2762 ,
212 2709 394 2796 memoriae
421 2703 587 2787 prodidit,
617 2723 757 2786 prorsus
778 2704 925 2769 eiusdem
949 2711 1047 2770 uotae
1068 2715 1137 2772 este
1159 2707 1287 2791 quippe

215 2804 493 2890 ,dmmortalitato
525 2827 546 2868 a
575 2825 613 2868 se
646 2803 766 2871 donari
797 2806 951 2887 scripsit,
984 2806 1028 2872 ad
1057 2827 1141 2891 quos
1169 2809 1283 2893 aliqua

214 2908 458 2996 componebat}t
479 2905 570 2972 Plin.
592 2906 616 2971 l.
642 2907 665 2972 1.

700 3042 734 3126 l.
760 3043 791 3112 3.

292 3160 511 3230 ’1133313113
533 3162 710 3226 veritatem
732 3164 1031 3244 rerumgestarum
1059 3165 1101 3229 ab
1124 3183 1164 3228 eo
1186 3165 1285 3228 ever-

214 3287 285 3334 sam
307 3287 391 3346 esse,
414 3265 591 3330 doctrinae
612 3264 820 3345 diligentiam
840 3264 1086 3348 posthabitam,
1114 3271 1147 3329 et
1171 3267 1286 3329 iucre-

213 3369 336 3433 dibilia
363 3367 506 3446 tradita,
539 3385 604 3449 quo
632 3365 732 3447 uulgo
765 3367 971 3449 imponeret,
1003 3371 1044 3430 ut
1068 3365 1180 3430 facile
1175 3385 1304 3430 con-

214 3473 331 3549 licias,
355 3470 406 3531 sic
432 3474 564 3531 vet-eres
582 3467 740 3550 plerique
768 3469 996 3536 crediderunt.
1044 3467 1178 3531 Etenim
1201 3467 1285 3530 Gel-

215 3573 283 3636 lius
300 3516 361 3651 V,
381 3573 423 3634 rt
445 3567 564 3646 „Sed
555 3588 591 3630 ιιι
608 3565 667 3634 his
689 3589 774 3654 quae
792 3571 965 3636 audivisse
986 3569 1042 3635 vel
1064 3570 1189 3652 legisse
1208 3588 1288 3638 sesa

215 3673 304 3737 dicit
329 3670 478 3736 fortasse
499 3669 627 3734 aritio
649 3671 826 3756 studioque
848 3671 1083 3739 ostentationis
1104 3671 1143 3736 fit
1164 3672 1286 3752 loqua-

216 3774 323 3841 cior.“
369 3774 422 3840 Et
449 3753 610 3840 Aelianus
636 3790 682 3836 ex
704 3791 750 3838 eu
776 3770 928 3842 referens
955 3774 999 3838 de
1026 3772 1154 3838 ibide
1145 3790 1288 3836 immor.

215 3939 441 3968 m

285 4001 452 4108 antean
475 4039 564 4109 igitur
591 3999 728 4110 33313131
747 4043 966 4114 aesomnium
986 4057 1069 4103 seres
1091 4040 1153 4100 ries
1167 4045 1286 4112 tympa-

219 4145 284 4186 num
302 4126 396 4188 mnndi
413 4125 529 4195 legisse.
545 4125 626 4182 mule

97 2679 100 2683 ,
213 2607 276 2672 tiri
301 2624 369 2670 non
395 2592 546 2686 poterat:
576 2619 639 2664 neo
666 2603 823 2668 mentitus
850 2610 917 2668 est:
940 2621 1016 2666 nam
1037 2603 1170 2670 Plinius
1191 2606 1285 2689 quod
1400 2637 1401 2684 3
