2774 4824
1093 418 1146 498 95

78 624 251 688 occentus·
283 617 405 686 Potest
428 639 508 689 vero
529 621 629 686 etiam
652 614 841 709 ἂπορνῦγιεν
861 620 999 705 calmae:
1018 625 1147 703 „uoluit

76 745 216 809 pugnam
244 725 287 790 ab
314 711 398 788 urbe
425 727 624 790 amouerez‘t
650 742 714 789 beo
741 731 793 789 sic
814 727 1005 806 retrahetur
1028 745 1146 791 aceen-

73 834 131 893 tos.
190 829 260 892 Aut
288 824 369 890 hoca
393 833 502 910 potest
521 819 807 909 emtsignrficara
828 818 985 908 ίίπωθεν,
1008 850 1071 894 nee
1094 851 1146 894 re·

74 928 186 994 trahet
223 929 574 1013 accentum-quippe
613 911 763 1012 geditiv'o
804 931 1027 996 coniunctuma
1087 931 1148 996 Sin

70 1053 132 1096 aon
159 1030 372 1114 significatur
398 1021 552 1110 6oo6ev,
581 1029 642 1095 sed
668 1032 733 1108 „ab
759 1034 842 1098 urbe
861 1035 1061 1130 amovere,“
1080 1041 1149 1098 noir

72 1155 158 1218 opus
184 1125 373 1220 ἀπορνύμεν
400 1133 620 1218 coniungere,
649 1136 708 1197 sed
729 1139 769 1198 ut
790 1136 901 1219 posuit
923 1143 1022 1219 poeta
1043 1139 1149 1202 verba

72 1239 122 1301 sio
151 1237 236 1300 oudo
263 1237 392 1302 seruari
415 1242 558 1337 ροίεείΓ
552 1236 765 1318 docentus,
788 1237 954 1356 quidquid
975 1239 1146 1368 sequeris,
1188 1241 1192 1254 '

75 1360 138 1402 uon
163 1339 381 1443 mutabitur.

149 1491 206 1570 Ν,
246 1491 309 1558 ooo
345 1445 936 1576 ΝοΛΛοΝΑΝοΝΡοοΝΡΩΝ,
971 1491 1059 1616 ριοες
1090 1492 1149 1584 τὴν

71 1585 140 1658 ἄπο
168 1585 460 1714 ἇναοτρὲφουσιν,
473 1591 527 1662 ἵνα
555 1589 699 1682 σημαίνῃ
721 1591 760 1660 τὸ
781 1585 989 1677 ίίπονθεν,“
961 1619 1070 1683 ωςπερ
1092 1595 1150 1664 καί

69 1687 89 1760 6
120 1682 373 1779 Ἀσκαλωνίτης.
397 1687 463 1760 εἶσί
497 1690 612 1776 μέντοι
649 1690 687 1758 οἳ
714 1695 884 1782 παρολκὴν
912 1695 1064 1774 ἐδέξαντο
1071 1701 1150 1821 ςτῆς

66 1790 139 1882 πρό
172 1793 245 1860 καί
261 1789 430 1882 ἐφύλαξαν
459 1795 518 1878 τῆς
550 1786 619 1859 ἇπό
651 1790 710 1915 την
738 1791 997 1880 προςῳδίαν,“
981 1821 1034 1864 ινα
1065 1783 1149 1886 6e6

65 1893 148 1982 ἑξῆς
188 1889 382 1988 ἀποφέρων.
421 1889 526 1972 οὕτως
557 1891 595 1962 66
626 1892 682 1960 καί
719 1891 897 2020 Φιλόξενρς
929 1890 1045 1985 ἠξίου,
1076 1898 1152 1968 ἐπεὶ

64 1991 231 2084 πολίή’
214 2020 287 2063 εστι
317 1988 588 2084 παρίλκοοοα“
560 2021 589 2060 ν·
617 1991 702 2083 πρό,
732 1991 837 2062 νοίτοο
858 1991 927 2064 ἀπὸ
949 1995 1017 2086 πρὸ
1039 1998 1152 2082 ταμὼν

68 2103 128 2224 (6,
159 2102 251 2174 475).
279 2092 362 2182 666
382 2095 439 2164 διὰ
461 2095 527 2184 πρὸ
550 2095 679 2221 Πηλιὰς
699 2089 772 2186 ν’γίξε
793 2101 849 2182 (Y,
870 2100 959 2179 276)
982 2098 1062 2187 περὶ
1081 2101 1150 2192 πρὸ

69 2200 131 2293 γὰρ
153 2199 241 2290 ἔγχεί
238 2203 344 2268 θῦεν
364 2202 430 2278 (Π,
452 2201 542 2323 699).
564 2195 671 2277 οὕτως
691 2198 729 2267 66
749 2198 805 2266 καί
826 2197 890 2286 ε’γοί
912 2199 1151 2327 σογκατοτιέίε

68 2329 140 2390 μαι.
192 2305 248 2370 Cf.
276 2307 329 2380 H,
356 2295 467 2371 334³
447 2299 532 2390 ατὰρ
559 2299 774 2386 κατακείομεν
795 2293 915 2380 αὐτοὺς
935 2299 1098 2370 τυτθὸν
1078 2303 1148 2375 απὸ

70 2407 138 2496 πρὸ
159 2409 264 2488 teser)
295 2403 354 2484 τὰς
382 2399 442 2474 660
475 2403 657 2494 προθέσεις
688 2399 845 2490 ἐγκλίνειν
876 2404 987 2488 δεί,“
971 2431 1024 2473 ινα
1045 2400 1065 2494 6
1087 2406 1150 2492 μὲν

72 2503 141 2580 ἀπό
170 2503 391 2598 ονντοίσοηται
418 2508 460 2596 τῇ
487 2508 567 2573 νεῶν
587 2508 715 2596 γενικῇ,
737 2499 758 2596 6
782 2505 820 2576 δὲ
839 2501 907 2594 πρό
930 2507 1146 2596 παρέλκηται.

154 2649 213 2714 Ex
238 2649 307 2728 tot,
336 2644 457 2725 oredo,
484 2643 686 2708 testimoniis
714 2649 807 2708 certe
828 2643 935 2725 ipsius
956 2643 1148 2710 Herodiaoi

73 2750 220 2815 rationes
247 2749 382 2833 penitus
403 2753 563 2811 tenemus.
608 2741 707 2808 Nihil
729 2744 916 2810 obscurius,
960 2745 1150 2812 'versamur

73 2851 108 2914 iu
134 2853 211 2916 ioco
239 2848 518 2935 impeditissimo,
547 2867 645 2931 quem
672 2845 834 2931 expedire
855 2867 922 2911 non
943 2848 1053 2913 licuit.
1094 2850 1147 2914 11-

74 2954 142 3020 iiao
168 2955 237 3018 boo
264 2953 449 3018 etficimosa
475 2950 510 3014 io
532 2947 653 3014 vocula
674 2941 746 3015 ἆπό
768 2947 982 3033 significante
1003 2941 1146 3030 6no6ar‚
1263 2939 1266 2948 ’

75 3057 131 3120 ubi
159 3074 235 3121 oum
263 3057 415 3138 genitivo
442 3055 658 3119 coniunctum
680 3056 748 3131 est,
768 3072 835 3117 nou
857 3053 1003 3117 retraxit
1025 3074 1148 3118 acoen-

77 3163 143 3222 tum
172 3159 405 3224 Herodianus:
435 3162 537 3240 atque
563 3157 600 3220 id
626 3155 681 3220 vei
707 3155 743 3220 io
765 3156 955 3240 postposito
975 3158 1148 3238 praeposi·
1216 3161 1219 3183 ¹
1290 3127 1292 3134 ,

74 3264 166 3326 tione
193 3262 321 3341 tenuit,
348 3253 444 3345 ’γαίης
471 3251 541 3323 ἄπο
571 3253 748 3344 πατρίδος,
772 3252 872 3344 φίλης
892 3249 962 3322 ἀπὸ
985 3251 1148 3344 πατρίδος

77 3357 158 3449 αἴης.
211 3363 288 3428 Hoo
309 3365 417 3446 ipsum
439 3369 551 3426 autam
571 3360 750 3426 admodum
771 3359 927 3424 mirabile
949 3358 1061 3422 videri
1084 3358 1147 3422 de-

78 3465 149 3546 bet,
171 3466 241 3529 nisi
262 3472 390 3530 statuas
409 3455 478 3529 οίπό
502 3463 551 3544 ei,
574 3485 649 3526 oum
672 3453 806 3528 ίίποθεν
826 3457 1011 3544 siguificat,
1032 3460 1082 3522 ita
1095 3462 1146 3522 vi·

77 3587 146 3634 sum
178 3589 254 3634 esse
281 3569 316 3631 iu
348 3566 542 3632 adverbium
577 3566 720 3645 abiisse,
752 3569 789 3626 ut
820 3582 888 3626 noo
916 3561 1023 3640 magia
1045 3578 1144 3644 quam
1184 3550 1190 3560 x
1233 3593 1238 3602 ·

50 3665 187 3736 ’cetera
213 3668 375 3734 adverbia
401 3668 471 3734 ulle
497 3669 629 3732 ratione
651 3655 865 3760 rotssotionis
886 3667 1045 3726 accontus
1066 3683 1145 3747 pos-

81 3778 133 3838 sat
162 3773 336 3856 particeps
364 3769 458 3852 fieri,
485 3775 528 3834 ut
558 3790 624 3834 aon
657 3766 766 3850 magis
791 3764 863 3828 dici
891 3762 1029 3828 deberet
1048 3759 1145 3853 γαίης

79 3863 145 3938 ίίπο
173 3875 312 3974 „procui
339 3891 360 3936 u
381 3873 515 3953 domo,“
537 3889 635 3956 quum
656 3863 752 3954 γαίης
771 3863 874 3942 ἔντος
916 3865 962 3930 Et
982 3866 1066 3933 baec
1087 3889 1144 3938 ra·

77 3974 123 4036 tio
146 3977 298 4040 convenit
319 3976 444 4059 optime
465 3993 540 4037 cum
561 3973 638 4048 ilio,
660 3968 752 4054 quod
773 3968 876 4048 adB,
898 3967 959 4035 831
982 3969 1024 4032 de
1045 3992 1143 4056 prae·

78 4076 295 4158 positionibus
327 4077 568 4146 adverbiorum
606 4069 886 4158 significationem
920 4072 1141 4140 induentibus
