2806 4826
9 771 12 904 l

9 953 11 1080 l

9 1173 11 1264 l

176 356 177 364 Ν
252 411 314 490 no

262 621 395 696 darent,
426 616 664 703 metrophane
696 617 984 704 praepositionum
1016 639 1082 686 uon
1104 621 1327 689 necessariam

261 737 335 788 esse
361 742 424 787 nec
451 726 622 788 {mearum
644 727 766 796 natura
787 722 943 805 positam.
987 721 1109 809 Neque
1130 725 1221 790 enirn
1243 732 1327 790 cete-

167 879 172 891 ,
258 843 315 888 ras
348 831 461 909 partes
491 827 651 892 orationis
674 823 755 890 sedo
776 830 904 890 mutata
918 828 1053 894 ,mutare
1086 826 1188 893 etiam
1208 847 1327 892 accen-

260 935 346 992 tum:
385 949 493 1013 neque
525 929 594 992 dici
627 948 743 1014 possa,
776 928 1045 1012 praepositiones
1077 929 1188 1012 potius
1209 929 1327 994 locum

259 1051 355 1094 suum
387 1039 532 1096 mutasse
564 1047 662 1115 quam
695 1032 828 1095 nomina
855 1030 910 1112 rel
931 1031 1035 1096 rerba
1055 1031 1097 1096 ab
1118 1032 1163 1096 iis
1185 1030 1327 1113 penden-

201 1188 205 1215 ,
259 1132 322 1213 tia,
345 1133 491 1217 denique
512 1153 554 1212 ue
576 1153 691 1200 omues
712 1133 849 1218 quidem
869 1134 1137 1217 praepositiones
1157 1139 1327 1200 accentum

242 1234 444 1302 „retrahere
493 1235 624 1312 Quibus
652 1236 850 1319 Apollonius
871 1235 1069 1318 respondet,
1100 1235 1242 1319 primum
1263 1235 1327 1300 hoc

259 1339 356 1421 quasi
385 1338 560 1422 proprium
583 1339 657 1403 essia
679 1337 980 1422 praepositionum,
1009 1341 1048 1402 ut
1069 1345 1324 1422 praeponantur,

259 1439 348 1502 unde
377 1442 476 1506 etiam
498 1461 619 1506 nomen
641 1440 818 1506 duxerinta
839 1439 893 1504 sin
915 1445 1025 1504 autem
1049 1441 1118 1504 sint
1139 1441 1206 1505 alia
1226 1461 1324 1523 quae·

259 1541 464 1628 ‹lam-qnae
491 1545 628 1628 etipsa
655 1547 783 1608 certam
812 1540 977 1606 orationis
993 1541 1118 1606 ¹sedem
1139 1543 1322 1625 requirant,
1392 1511 1394 1548 '¹

9 1623 10 1648 ³
128 1655 129 1662 ¹
258 1651 296 1708 ut
323 1636 399 1732 ἤτοι
420 1645 591 1731 ⁴particula
618 1665 685 1710 non
707 1644 774 1708 nisi
796 1643 896 1708 initio
920 1644 1029 1726 posita
1050 1645 1097 1722 (v.
1119 1643 1162 1709 da
1181 1643 1270 1708 coni.
1296 1664 1323 1725 p·

258 1748 335 1827 486,
368 1751 423 1826 31)
458 1751 493 1812 et
523 1749 663 1814 articuli
702 1765 869 1832 nunquam
898 1746 1076 1831 postpositi
1098 1745 1324 1826 substantivis,

258 1847 342 1916 baec
363 1870 403 1914 eo
426 1851 500 1932 ipso
523 1871 543 1914 a
565 1850 868 1936 praepositionibus
890 1847 1046 1926 differre,
1068 1847 1157 1933 quod
1170 1867 1318 1912 cumom-

189 2022 192 2028 ,
255 1955 335 2016 nino
358 1971 523 2036 nunquam
545 1952 621 2016 loco
643 1953 774 2029 cedant,
797 1951 901 2018 etiam
922 1950 1013 2015 omni
1035 1951 1245 2034 ambiguitati
1267 1969 1323 2016 ex-

257 2059 382 2136 empta
401 2055 482 2120 siut.
535 2052 693 2134 Tertium
726 2073 808 2119 uero
843 2048 929 2118 illud
960 2051 1229 2137 praepositiones
1250 2073 1322 2117 cum

248 2155 334 2224 ,aliis
366 2154 532 2220 orationis
564 2157 715 2239 partibus
748 2175 921 2220 commuue
951 2154 1095 2236 habere,
1127 2175 1161 2220 r.
1189 2175 1219 2226 c.
1249 2176 1321 2220 com

252 2257 526 2339 pronominibus,
548 2276 690 2341 quorum
711 2257 856 2342 plurima
878 2255 1030 2341 quidem,
1052 2255 1112 2322 sed
1134 2275 1200 2320 uon
1213 2257 1323 2320 omnia

254 2358 423 2442 duplicem
454 2379 547 2423 rusam
577 2359 747 2442 accipere,
775 2363 811 2424 et
840 2359 1034 2428 encliticam
1057 2366 1091 2423 et
1110 2358 1254 2427 alterum
1277 2361 1321 2441 (p.

253 2462 341 2534 3⁰9).
392 2459 471 2525 Huc
497 2459 631 2527 accedit
655 2461 720 2537 (sic
748 2462 836 2526 enim
866 2461 925 2528 ille
953 2463 1094 2546 pergit),
1125 2460 1217 2546 quod
1239 2461 1324 2526 eliae

253 2563 416 2626 orationis
446 2571 576 2648 partes,
605 2583 803 2649 quocunque
822 2565 897 2628 loco
919 2565 1050 2648 positae
1071 2572 1168 2643 sant,
1197 2577 1320 2648 certam

253 2663 376 2730 habent
407 2667 588 2752 rationema
621 2687 687 2733 nou
720 2668 809 2731 enim
843 2673 952 2752 potest
980 2665 1181 2754 adverbium
1201 2666 1322 2732 referri

252 2767 319 2830 nisi
341 2766 384 2831 ad
409 2769 561 2850 verbum,
584 2788 650 2834 uon
672 2769 776 2834 verba
796 2769 862 2834 nisi
885 2769 928 2832 ad
950 2790 988 2832 en
1010 2765 1321 2851 quibusadhaerent

249 2869 416 2950 numiam:
435 2873 477 2936 ab
493 2877 618 2936 cetera.
662 2870 939 2957 Praepositiones
964 2877 1072 2943 autem
1096 2871 1195 2935 etad
1219 2873 1320 2936 verba

250 2970 547 3053 refeersposnane
567 2979 605 3036 et
630 2973 672 3037 ad
701 2975 839 3038 uomina
865 2971 927 3050 (ct.
954 2971 997 3036 de
1024 2972 1101 3039 adv.
1124 2993 1157 3055 p.
1180 2975 1254 3052 531,
1275 2973 1319 3050 l),

250 3077 288 3135 ut
314 3073 351 3134 iu
378 3071 438 3138 illo
464 3067 599 3161 Ἰθάκην
619 3069 704 3141 unico
727 3071 949 3162 κοιρανέουσιτ
972 3093 1107 3140 necesse
1129 3082 1181 3142 est
1203 3061 1318 3158 igitur,

249 3178 286 3238 ut
307 3193 389 3240 vera
410 3179 618 3242 constructio
640 3176 757 3262 aliquo
780 3184 921 3241 externo
944 3178 1039 3260 signo
1062 3177 1253 3256 declaretur
1272 3180 1318 3252 (v.

170 3302 172 3312 ·
247 3271 354 3342 schol.
387 3275 431 3342 ad
463 3277 566 3344 Dion.
598 3299 651 3364 gr.
684 3299 715 3365 p.
749 3281 837 3360 924).
891 3273 1048 3361 Denique
1075 3279 1207 3344 formae
1227 3281 1320 3366 ipsae

247 3380 534 3464 praepositionum
561 3381 659 3466 qnasi
681 3380 724 3447 nd
745 3381 977 3462 anastrophen
998 3386 1097 3446 natae
1118 3389 1205 3446 sunt.
1248 3381 1320 3444 He-

247 3479 327 3561 bent
355 3483 443 3548 enim
471 3499 585 3550 omnes
607 3489 783 3550 accentum
805 3485 840 3548 in
863 3485 982 3554 ultima
1003 3490 1224 3570 constantque
1245 3484 1322 3564 plo-

249 3585 357 3650 rimae
388 3584 516 3654 duabus
549 3586 707 3652 brevibus
743 3584 898 3670 syllabis,
930 3606 996 3668 qoo
1023 3605 1146 3668 genere
1170 3583 1251 3649 nibil
1275 3584 1320 3648 ad

247 3692 407 3751 accentus
430 3688 666 3753 retractionem
688 3687 771 3774 fingi
794 3695 908 3774 potest
927 3687 1221 3756 accommodatius.
1255 3687 1322 3768 ‚CB

245 3785 352 3856 schol.
376 3789 477 3860 Dion.
499 3810 551 3872 gr.
574 3811 606 3877 p.
634 3793 713 3860 92&
818 3849 821 3856 .
